2460 4200
302 339 305 348 .
376 304 448 354 sor.
466 303 495 353 u.
510 301 609 353 nens
621 299 771 352 muros.
969 302 1010 366 ῃ

67 481 71 488 ·
149 447 346 506 testimoninm
358 449 514 506 dicendum
527 449 630 504 venire
644 465 703 506 non
717 447 818 520 potnit.
850 446 928 520 Quid
942 462 1014 519 opus

151 551 196 603 est
210 546 329 606 Lollio?
348 565 434 606 nemo
456 549 511 603 boe
533 545 645 603 molt:
667 562 754 602 nemo
777 550 887 601 tnornrn
908 545 1015 603 emino·

151 661 224 711 rum,
234 662 321 702 nemo
333 648 384 703 ebs
398 653 427 702 le
442 647 603 718 prodnotlrs,
618 661 705 701 nemo
723 644 922 717 interrogatus,
936 658 1015 701 nune

150 759 183 798 se
197 743 318 814 primum
332 745 387 800 hoe
398 743 479 800 dicet
491 743 600 800 andire.
642 742 686 800 M.
710 741 830 807 Lollius,
852 741 913 813 ejus
931 741 1015 810 lilius,

149 841 321 898 odolesoens
335 843 517 908 lentissimns,
531 845 645 914 praesto
658 845 719 898 est:
741 840 824 912 liujus
839 841 928 896 verbu
939 839 1017 896 andi·

149 939 215 996 elis.
238 957 305 996 nem
321 941 359 1011 Q.
373 941 494 1000 Lollius¹
505 940 566 1014 ejus
584 941 668 1006 lilius,
689 939 835 997 Calidium
857 938 1018 1005 seenssvit,

44 1041 48 1050 '
153 1039 326 1094 adolesoens
339 1044 370 1094 et
382 1041 482 1104 bonus,
501 1045 531 1095 et
551 1039 640 1106 lortis,
660 1043 691 1094 et
713 1038 744 1094 in
766 1038 865 1110 primis
884 1037 1017 1102 disertus,

154 1150 222 1190 enm
236 1135 281 1190 his
294 1134 407 1208 injuriis
420 1137 658 1210 contumeliisque
670 1143 829 1193 commotus
842 1135 873 1191 in
884 1134 1018 1191 Sieilinro

156 1237 234 1288 esset
255 1232 407 1305 proleetns,
431 1233 463 1290 in
487 1233 590 1290 itinere
607 1235 721 1290 oooisns
742 1243 796 1290 est.
820 1233 901 1305 onius
919 1232 1019 1290 mertis

155 1345 272 1386 oensem
293 1331 410 1404 fugitivi
433 1333 594 1390 sustinente
614 1350 646 1388 re
667 1333 782 1406 quidem
799 1347 869 1386 vers
888 1347 974 1385 nemo
986 1329 1020 1385 in

156 1426 259 1485 Sicilia
269 1429 391 1497 dubitat,
401 1412 469 1504 quin
482 1447 520 1486 eo
529 1430 568 1486 sil
580 1421 705 1495 ooeisns,
719 1430 794 1504 qnod
805 1428 1019 1484 bebereolsnse

154 1543 212 1582 noo
236 1528 424 1599 polueritsus
442 1529 568 1585 oonsilio
586 1531 625 1586 de
647 1531 748 1586 Verre.
790 1529 849 1584 lsle
864 1543 949 1599 porro
960 1541 1019 1582 oon

154 1624 315 1691 dubitabat,
336 1627 457 1700 quinis,
480 1627 530 1701 qni
553 1633 639 1685 entes
663 1626 751 1684 slinm
771 1626 866 1682 studio
879 1626 1020 1680 nddnetns

157 1727 332 1790 attentasset,
345 1723 401 1781 sibi
415 1726 585 1782 advenienti
599 1730 713 1796 praesto
726 1731 803 1779 esset
816 1724 932 1788 loturus,
952 1737 1021 1778 onor

156 1824 235 1876 esset
249 1821 375 1892 parentis
388 1821 500 1894 injuriis
510 1830 541 1881 el
553 1823 714 1879 domestico
726 1823 824 1879 dolore
837 1827 1006 1877 summotus

196 1918 304 1975 Jsmne
325 1919 498 1994 intelligitis,
515 1921 640 1993 jndices,
664 1936 737 1994 qnae
758 1920 856 1994 pestis,
876 1935 950 1992 quse
968 1917 1072 1986 ἰαὶ-26

155 2015 279 2074 munitus
301 2017 335 2074 in
350 2023 447 2075 vestre
465 2019 673 2093 antiquissime,
688 2016 1021 2090 fidelissimn,pro1ims·

155 2131 211 2188 qne
225 2115 377 2186 provinolu
391 2116 578 2176 versansit?
597 2118 665 2175 anr
678 2119 792 2184 videtis,
805 2133 891 2191 quem
902 2116 942 2171 ob
954 2131 1022 2170 osn-

156 2227 219 2268 enm
234 2212 347 2280 Sinilis,
360 2221 403 2270 lot
416 2215 564 2273 bominum
576 2223 664 2272 entes
677 2215 761 2283 lnrtn,
781 2215 904 2287 rupinas,
917 2210 1023 2285 inioni-

158 2310 477 2385 teles,iguominissqne
486 2331 630 2386 perpesse,
639 2331 696 2372 non
704 2314 828 2386 potnerit
837 2315 893 2369 bon
904 2327 1022 2378 novum,

156 2423 193 2466 se
207 2408 460 2483 singularemque
474 2409 644 2468 incredibile
664 2429 754 2485 genus
774 2411 941 2485 injuriarum
953 2425 1022 2466 eon·

158 2506 397 2580 tomeliornmqne
411 2505 555 2578 perlem?
574 2510 643 2566 lem
662 2525 763 2566 omnes
782 2508 1024 2583 intelligentem·

157 2605 295 2661 universe
309 2604 461 2676 provincis
473 2605 653 2663 defensorem
666 2623 735 2662 snae
747 2607 847 2664 solutis
860 2623 925 2662 enm
939 2622 1024 2678 qnos

157 2702 240 2768 sivit,
253 2703 334 2774 enine
347 2703 402 2758 iste
412 2702 491 2767 lidei,
503 2703 683 2776 diligentiae,
695 2702 1025 2774 perseversnlioe,nnlle

159 2798 275 2856 ratione
293 2797 396 2870 ⁵¹eripi
417 2805 522 2870 posset.
563 2799 624 2858 Tol
638 2799 758 2873 judiciis
771 2799 955 2858 lnlerlnislis:
981 2804 1025 2858 tot

159 2895 294 2954 homines
309 2901 447 2954 noomtee
460 2903 491 2954 el
505 2897 648 2971 improbos
667 2906 870 2970 oeemetomt
883 2902 1025 2958 restruet
1103 2911 1106 2918 ’

159 2994 336 3068 superiorum
365 2997 513 3064 memoris,
535 2997 616 3056 seille
639 3018 725 3059 esser
755 3017 876 3076 eeqnem
899 2996 1024 3065 vidiffib

160 3109 282 3168 eoqum
304 3094 433 3163 audistis,
449 3095 480 3153 in
504 3098 592 3154 nolis
612 3099 703 3166 lurtls,
723 3097 754 3156 in
778 3105 838 3156 turn
856 3096 971 3170 opertis,
991 3095 1024 3154 in

161 3195 243 3250 lenta
275 3193 406 3262 undsois,
435 3199 518 3252 mets
548 3195 728 3268 impudentis
758 3211 823 3251 esse
856 3189 1024 3252 veneunt

163 3289 310 3363 Apronius
331 3291 483 3365 stipatores
498 3294 641 3351 Venerios
660 3309 759 3350 senum
777 3292 923 3349 bebebsts
937 3293 1024 3349 duee·

162 3387 272 3446 linteos
284 3388 395 3448 oirenm
407 3389 560 3448 olvitatee:
576 3391 695 3465 publice
704 3391 760 3450 sibi
770 3390 910 3450 convivis
920 3390 1023 3465 parari,
1071 3391 1073 3394 ’

191 3539 213 3574 ⁵²
227 3541 377 3609 ‘'isim-J
408 3543 446 3593 die
455 3543 564 3596 edidimus
571 3561 613 3610 pro
619 3546 693 3606 ponit.
716 3543 1021 3605 Prseoeffituinrpnruier't.

200 3635 272 3682 Vol..
292 3641 322 3681 V·
611 3632 631 3687 Α
