2460 4200
193 349 233 414 15
531 341 724 393 rnvnasmu

190 487 380 564 militudpque
405 488 571 564 conjunxit
612 491 714 548 Verris
736 505 830 548 mores
851 489 1062 564 improbosim

189 605 331 664 purosque
345 588 444 646 nostis.
466 588 566 664 fingite
581 590 673 656 vobis,
682 590 706 646 si
718 591 849 662 potestis,
863 591 998 664 aliquem,
1012 589 1063 666 qui

190 687 223 748 in
236 687 370 746 omnibus
381 687 444 746 istis
458 689 542 745 rebus
566 705 617 761 par
629 689 667 745 ad
680 688 809 746 omnium
823 688 995 762 flagitiorum
1009 709 1060 749 ne·

188 785 276 844 larius
290 785 425 844 libidines
439 803 504 843 esse
517 786 624 860 possit:
645 787 669 844 is
683 787 739 844 eril
752 787 898 860 Apronius
912 789 980 857 ille;
1001 789 1060 862 qui,

190 889 222 942 ut
235 885 298 958 ipse
312 901 371 942 non
384 887 476 942 solum
490 884 561 953 vita,
575 886 626 942 sed
650 886 739 943 eliam
762 903 881 959 corpore
903 891 989 960 atque
1009 905 1061 944 ore

190 983 353 1056 signiticat,¹
367 983 510 1040 immensa
532 983 628 1058 alique
640 978 666 1016 ‘²⁰
677 1001 785 1058 vorago
795 989 838 1041 est
853 1001 887 1041 ae
901 1002 1003 1058 gurges
1018 985 1061 1041 vi·

188 1081 295 1142 tiorum
309 1082 574 1157 turpitudinumque
592 1083 731 1142 omnium.
772 1083 905 1140 Huncin
926 1083 1059 1140 omnibus

190 1181 305 1254 stupris,
319 1182 397 1239 bunc
411 1183 441 1238 in
463 1182 593 1240 sanonum
611 1182 846 1255 expilationibus,
867 1183 944 1239 bunc
962 1182 993 1240 ia
1007 1182 1060 1239 im·

190 1279 268 1354 puris
283 1280 433 1340 conviviis
457 1280 619 1354 principem
641 1280 809 1338 adhibebat:
832 1285 997 1355 tantamque
1011 1281 1061 1336 ba·

189 1379 278 1436 bebat
291 1395 401 1438 morum
415 1379 572 1438 similitudo
585 1379 823 1452 conjuactionem
843 1383 929 1454 alque
942 1396 1061 1436 concor·

190 1476 278 1545 diuum
292 1482 324 1534 ut
339 1478 495 1550 Apronius,
510 1477 557 1550 qui
572 1476 638 1534 aliis
662 1476 835 1536 inhumanus
856 1495 891 1536 uc
915 1479 1060 1546 burburus,

191 1574 242 1634 isti
263 1575 315 1632 uni
336 1576 504 1632 commodus
525 1589 562 1632 ac
585 1574 707 1632 disertus
727 1575 890 1634 videretur:
912 1581 952 1644 ut,
974 1593 1061 1650 quem

191 1689 292 1732 omnes
314 1675 453 1738 odissent,
477 1690 571 1748 neque
594 1674 694 1732 videre
719 1675 840 1743 vellent,
860 1675 923 1732 siue
945 1693 981 1735 eo
1005 1675 1061 1732 iste

164 1837 166 1844 ,
191 1789 256 1830 csse
278 1789 337 1832 nou
361 1762 479 1846 posset:
500 1780 541 1840 ul,
555 1791 622 1832 cum
644 1773 705 1841 alii,
719 1792 757 1830 ne
775 1774 923 1831 conviviis
944 1773 1062 1849 quidem

190 1871 304 1940 iisdem,
329 1872 429 1947 quibua
458 1871 615 1944 Apronius,
639 1873 688 1929 hlc
712 1872 816 1930 iisdem
839 1872 927 1928 etiam
949 1871 1060 1944 poculis
1138 1879 1142 1884 '

192 1973 332 2028 uteretur:
353 1975 506 2040 postremo,
520 1974 551 2026 ut
571 1970 641 2024 odor
663 1969 787 2039 Apronii
811 1970 989 2026 taeterrimus
1002 1968 1060 2026 oris

192 2071 224 2124 et
232 2065 368 2138 corporis,
388 2082 472 2138 quem
485 2061 531 2140 (ut
543 2061 637 2142 ajunt)
658 2082 695 2122 ne
715 2066 826 2122 bestiae
849 2067 965 2140 quidem
987 2067 1062 2122 serre

192 2168 320 2240 possem,
333 2162 384 2220 uui
408 2163 456 2220 isti
480 2162 577 2220 suavis
599 2169 629 2220 et
646 2163 792 2236 jucundus
807 2164 962 2222 videretur.
1005 2165 1060 2220 llle

194 2266 257 2320 emt
276 2262 309 2319 iu
332 2243 468 2320 tribunali
487 2261 652 2334 proximus:
672 2261 691 2293 ²¹
703 2263 734 2319 iu
748 2263 882 2320 cubiculo
894 2262 1007 2320 socius:
1028 2261 1061 2318 iu
1103 2335 1106 2350 Ι

194 2360 336 2420 convivio
348 2359 498 2416 dominus:
520 2377 555 2417 ac
576 2364 637 2417 tum
661 2362 797 2428 maxime,
810 2377 878 2418 cum
898 2362 1059 2417 accubante

194 2464 377 2532 praetextato
399 2459 537 2532 praetoris
560 2457 629 2526 tillo,
644 2457 675 2516 in
695 2458 836 2514 convivio
849 2461 955 2514 saltare
969 2457 1062 2514 nudus

79 2568 92 2590 ⁸
146 2555 341 2631 loeosperat.
384 2556 537 2626 Hunc‚uti
557 2556 656 2612 dicere
680 2555 802 2623 institui,
816 2554 976 2628 prinoipem
990 2556 1064 2612 Ver·

195 2673 241 2716 res
267 2659 304 2714 ad
331 2657 457 2714 fortunas
485 2660 629 2713 aratorum
651 2653 801 2710 vexandas
828 2652 1063 2728 diripiendasque

195 2773 259 2814 esse
284 2755 510 2830 voluitrbujus
529 2754 679 2820 audaciae,
706 2751 861 2826 nequitiae,
887 2751 1063 2820 crudelitati,

194 2854 375 2914 fidelissimos
409 2855 512 2919 socios,
538 2853 717 2925 optimosque
745 2852 837 2918 cives,
864 2850 978 2917 scitote,
1005 2852 1062 2909 hoc

194 2956 326 3026 promere
348 2949 475 3016 traditos,
483 2949 608 3021 judices,
622 2954 707 3020 atque
721 2948 850 3005 addictos
865 2947 962 3015 luisse,
976 2949 1061 3006 novis

194 3049 336 3120 institutis
358 3052 389 3105 et
401 3047 515 3114 edictis,
535 3050 596 3102 tots
610 3045 769 3104 Hieronica
787 3048 852 3121 lege
866 3043 1061 3125 (quemadmo-

195 3149 264 3208 dum
278 3151 365 3206 antea
377 3143 454 3224 disi)
468 3145 577 3219 rejecta
590 3150 620 3202 et
633 3141 791 3218 repudiata.

229 3301 253 3336 ²⁰
267 3307 385 3409 ww
393 3307 433 3349 aul
441 3301 541 3408 gurgo&
571 3300 628 3348 Cum
638 3300 694 3346 haec
704 3298 747 3345 sint
756 3311 886 3356 synonymo,
895 3313 933 3346 our
943 3298 1064 3360 interponi-

199 3363 300 3412 buum

201 3421 302 3469 Mureto.

230 3499 251 3532 ²¹
265 3499 292 3545 in
301 3499 405 3546 satiem
411 3498 486 3559 solua]
514 3497 561 3546 Ms.
574 3501 637 3544 vetus
646 3481 723 3550 sorim,
733 3495 792 3558 quod
799 3495 878 3543 isne
886 3495 969 3557 aliique
977 3507 1067 3554 recepe·

201 3560 264 3602 runt:
281 3556 347 3617 idque
357 3562 380 3602 et
390 3557 437 3616 ipse
445 3571 521 3604 venam
531 3561 593 3618 puto.
609 3557 697 3613 elegam
713 3554 818 3612 gradatio
831 3560 873 3609 δεῖ,
881 3555 1001 3624 W·
1011 3552 1067 3600 ⁸⁰⁶5·

201 3615 359 3724 &sigim
383 3615 489 3665 Mettus
498 3615 654 3665 anoemadres
664 3613 894 3677 neumisqubus
903 3611 1066 3673 occuluisse,

394 3361 497 3424 acquod
537 3359 605 3408 rs'mus
622 3359 644 3406 in
662 3357 720 3406 libro
735 3361 813 3404 vetere
831 3357 948 3419 reperitet
960 3358 1063 3421 placebat
