2428 4212
206 321 270 381 254
549 315 741 367 ruvuaauu

205 465 283 526 disse
293 482 324 524 se
337 463 467 538 diceret3
487 483 554 526 cum
567 483 678 534 omnes,
691 470 723 523 nt
736 481 797 523 mos
811 468 865 532 est,
874 467 907 520 ut
919 463 996 520 solet
1007 460 1083 528 fieri,

204 568 419 633 concurrerent,
436 564 613 640 quaererent,
626 565 726 623 videre
746 567 895 640 cuperent.
937 559 1017 634 Quid
1031 577 1081 618 ac·

205 663 286 732 cidit,
298 681 351 722 cur
362 668 513 737 tantopere
530 665 585 722 iste
599 665 684 720 bomo
696 665 898 730 occultaretur,
911 665 943 718 ut
956 677 1022 716 eum
1037 676 1079 714 ne

192 760 275 823 ⁴&usu
298 763 415 839 quidem
437 763 585 838 quisquam
605 762 753 837 adspicere
766 757 885 834 posset?
903 758 1080 816 ⁸⁵Homines

205 861 342 921 maritimi
358 863 519 935 Syracusis,
533 862 581 937 qui
594 879 682 936 saepe
704 860 788 918 istius
810 860 892 917 ducis
906 877 1008 917 nomeu
1022 875 1077 915 au·

206 941 326 1028 disent,
337 977 402 1018 cum
417 977 483 1018 eum
495 977 582 1034 saepe
602 959 776 1028 timuissent,
790 977 857 1016 cum
871 958 931 1032 ejus
944 957 1079 1014 cmuciatu

205 1063 291 1132 atque
304 1058 446 1132 supplicio
459 1076 578 1133 parcere
591 1061 701 1127 oculos,
714 1057 896 1134 animumque
907 1061 1076 1114 exsaturare

205 1158 333 1217 vellent:
354 1161 482 1230 potestas
503 1157 686 1231 adspiciendi
696 1157 806 1216 nemini
830 1157 907 1214 lacta
917 1161 971 1214 est.
989 1156 1078 1212 Unus

204 1257 300 1328 plures
326 1257 505 1329 praedonum
537 1259 626 1314 duces
653 1256 738 1316 vivos
760 1256 840 1330 cepit
864 1257 898 1313 P.
922 1254 1079 1323 Servilius,

206 1372 292 1429 quam
310 1371 413 1413 omnes
436 1360 533 1414 antea.
555 1355 714 1431 Ecquando
727 1355 814 1430 igitur
826 1355 882 1411 isto
894 1352 988 1412 fructu
1003 1353 1081 1427 quis·

206 1470 292 1528 quam
305 1454 407 1520 caruit,
420 1458 452 1511 ut
475 1455 575 1512 videre
599 1455 721 1528 piratam
744 1457 860 1527 captum
879 1470 938 1510 non
952 1449 1080 1509 liceret?

207 1550 250 1606 At
263 1555 372 1617 contra,
389 1568 565 1626 quacumque
587 1553 644 1610 iter
662 1551 742 1620 lecit,
763 1553 818 1609 hoc
831 1551 1079 1625 jucundissimum

205 1650 404 1722 spectaculum
413 1651 545 1708 omnibus
559 1649 724 1708 vinctorum
734 1654 940 1726 captorumque
951 1649 1080 1706 hostium

205 1748 371 1819 praebebat
413 1750 514 1824 ltaque
536 1750 565 1807 ei
586 1765 741 1807 concursus
758 1749 884 1824 undique
906 1749 1025 1816 fiebant,
1045 1753 1080 1805 ut

205 1863 266 1904 non
280 1848 366 1905 modo
389 1865 428 1905 ex
450 1849 494 1906 his
510 1849 633 1923 oppidis,
647 1866 703 1924 qua
715 1849 899 1917 ducebantur,
913 1849 965 1904 sed
987 1845 1078 1905 etiam

207 1963 245 2002 ex
265 1946 404 2014 finitimis,
418 1947 533 2005 visendi
545 1964 641 2015 causa,
654 1947 856 2004 convenirent.
897 1947 965 2020 lpse
979 1951 1077 2002 autem

206 2041 363 2114 triumphus
378 2046 562 2116 quamobrem
583 2045 711 2102 omnium
731 2045 938 2119 triumphorum
951 2043 1077 2118 gratissi·

205 2156 267 2196 mus
281 2142 388 2218 populo
406 2140 541 2198 Romano
563 2142 616 2200 luit
635 2138 721 2217 atque
738 2140 989 2216 jucundissimus?
1009 2143 1078 2218 quia

205 2236 279 2296 nihil
293 2244 338 2296 est
351 2239 477 2297 victoria
497 2242 620 2300 dulcius.
640 2244 752 2300 nullum
775 2247 819 2298 est
839 2247 936 2300 autern
952 2241 1079 2300 testimo·

205 2337 287 2396 nium
306 2338 448 2396 victoriae
473 2339 589 2407 certius,
602 2357 696 2414 quem,
719 2357 796 2418 quos¹
814 2358 901 2413 saepe
929 2340 1076 2409 metueris,

206 2455 257 2494 eos
271 2441 300 2493 te
320 2437 436 2494 vinctos
459 2439 495 2493 ad
519 2438 692 2511 supplicium
715 2421 785 2496 duci
807 2439 916 2496 videre.
959 2440 1026 2496 Hoc
1045 2445 1077 2496 tu

206 2536 390 2608 quamobrem
412 2552 470 2592 nou
490 2535 609 2594 iecisti?
629 2539 812 2610 quamobrem
834 2537 876 2594 ita
901 2538 957 2594 iste
983 2537 1078 2610 pirata

206 2635 316 2691 celatus
340 2638 392 2702 est,
406 2634 488 2708 quasi
501 2652 567 2691 eum
580 2631 729 2708 adspicere
743 2636 822 2693 netas
845 2633 943 2694 esset?
963 2654 1078 2710 quamo-

111 2791 117 2802 ,
206 2733 287 2790 brem
301 2734 474 2807 supplicium
498 2752 557 2791 nou
578 2731 726 2792 sumsisti?
746 2752 832 2808 quam
845 2737 883 2791 ob
897 2752 1016 2791 causam
1031 2737 1078 2791 ho·

207 2831 315 2888 minem
330 2831 506 2889 reservasti?
535 2851 655 2908 ecquem
679 2833 784 2890 audisti
806 2834 836 2890 in
863 2833 968 2890 Sicilia
991 2839 1078 2890 antea

208 2933 325 3000 captum
338 2930 550 3001 archipiratam,
573 2931 621 3004 qui
646 2950 703 2988 uon
725 2932 819 2988 securi
843 2949 994 3005 percussus
1015 2930 1080 2990 sit?

207 3041 297 3082 uuum
319 3027 394 3082 cedo
415 3032 561 3084 auctorem
583 3028 625 3085 tui
646 3029 733 3088 lacti:
755 3031 838 3088 unius
861 3031 957 3104 profer
981 3047 1080 3087 exem-

208 3126 296 3199 plum.
338 3125 451 3182 Vivum
471 3129 503 3181 tu
527 3125 730 3200 archipiratam
751 3132 896 3199 servabas,
918 3147 1005 3204 quern
1028 3147 1084 3202 per

208 3226 391 3300 triumphum,
404 3225 500 3294 credo,
524 3243 608 3302 quern
630 3233 699 3284 ante
715 3245 828 3285 currum
847 3233 926 3285 tuum
948 3230 1085 3284 duceres.

209 3324 313 3398 Neque
340 3325 420 3384 enim
447 3317 600 3402 quidquam
621 3332 683 3384 erat
700 3325 764 3401 jam
788 3325 936 3400 reliquum,
960 3326 1018 3383 nisi
1035 3331 1085 3396 ut,

238 3477 259 3510 ⁸⁵
272 3475 380 3522 Hmniaea
388 3478 498 3526 mador·
506 3479 638 3540 syrorum]
669 3480 705 3528 Sic
719 3495 759 3542 pro
775 3480 907 3528 Mamertini
940 3479 989 3526 rimi
1005 3479 1087 3549 eapite

208 3539 319 3598 seqrrente,
330 3533 367 3580 ubi
378 3537 438 3585 clare
447 3537 556 3585 ouritimi
571 3539 668 3586 libaima
678 3545 735 3596 sunt,
746 3540 802 3585 bene
819 3539 909 3587 edidere
943 3554 1044 3597 ervagsus
1057 3545 1093 3586 et

206 3595 334 3662 Victorius.⁸
343 3593 430 3663 istim·
446 3596 519 3643 aneu.
530 3596 604 3645 habet.
616 3605 756 3659 opponuntur
764 3599 937 3657 mmm,
955 3596 993 3660 qui
1007 3601 1063 3646 aaut
1072 3614 1090 3646 a

206 3653 270 3702 rebus
279 3654 396 3700 mantano
405 3653 479 3702 alieni.
