2460 4200
224 333 263 396 ra
560 319 752 380 mmm

173 480 209 543 ll
223 477 390 538 rusticorum
404 475 441 535 ad
454 474 599 538 insolitam
619 477 701 536 litem
715 482 800 554 atque
813 470 968 550 judicium.
1009 471 1091 534 (inm

223 577 356 638 omuibus
382 577 413 634 in
440 577 505 635 aliie
531 576 730 651 vectigalibus,
756 575 856 644 Asiae,
884 573 1090 642 Macedoniae,

225 675 395 748 Hispaniae,
408 675 534 744 Gallina,
550 675 677 742 Africae,
693 675 853 743 Sardiniae,
869 673 958 746 ipsius
974 673 1089 739 ltaliae,

223 771 341 850 ¹¹[quae
356 773 512 848 vectigalia
535 770 624 850 sunt]
645 789 712 831 oum
733 774 765 832 in
787 773 841 841 his,
861 773 988 848 inquam,
1002 775 1088 828 rebus

224 871 357 930 omnibus
372 871 539 938 publicanus
555 872 659 945 petitor
669 887 704 930 ac
719 872 891 946 pignerator,
905 887 962 928 non
975 874 1090 941 ereptor

224 987 319 1045 neque
333 987 478 1044 pmseseor
489 972 582 1028 solent
595 985 674 1026 esset
694 975 726 1026 tn
739 972 776 1026 de
790 971 909 1042 optima,
919 971 957 1025 de
964 966 1089 1042 justissi-

224 1080 282 1135 mo,
295 1069 332 1124 de
345 1067 664 1140 honestissimogenere
676 1067 900 1133 hominumue
914 1073 966 1133 eet,
977 1067 1014 1122 de
1028 1081 1089 1124 aru·

224 1166 342 1233 toribus,
352 1183 388 1222 ea
395 1167 460 1238 juro
471 1163 676 1230 constituebas,
688 1181 760 1237 quae
770 1165 904 1224 omnibus
915 1165 980 1220 allis
990 1167 1090 1220 essent

223 1264 377 1322 contraria.
418 1261 522 1320 Utrum
532 1268 577 1319 est
590 1262 716 1336 aequius,
730 1264 922 1320 decumanum
932 1268 1039 1336 petere,
1050 1277 1089 1319 an

223 1369 364 1422 aratorem
385 1359 535 1434 repetere?
548 1360 702 1433 judicium,
715 1361 829 1434 integra
848 1379 888 1427 re,
909 1379 946 1418 an
967 1360 1089 1432 perdita,

222 1459 308 1519 lieri?
327 1475 403 1524 eum,
424 1458 471 1530 qui
486 1465 572 1514 manu
586 1455 748 1530 quaesierit,
771 1475 807 1514 an
830 1475 905 1525 eum,
926 1458 977 1531 qui
998 1457 1091 1530 digito

222 1559 320 1617 licitus
334 1557 381 1622 ait,
401 1552 566 1628 possidere?
587 1553 687 1626 Quid?
716 1552 793 1629 ²⁵qui
818 1556 849 1612 in
868 1555 992 1630 singulis
1008 1555 1090 1629 jugit

223 1660 316 1722 erunt,
329 1653 378 1728 qui
391 1653 428 1710 ab
440 1669 526 1726 opere
537 1653 591 1727 ipsi
606 1671 664 1712 non
679 1655 826 1722 recedunt,
846 1671 904 1728 quo
927 1655 958 1710 ln
972 1669 1092 1712 numero

222 1769 345 1828 magnus
358 1757 427 1810 aute
440 1756 469 1809 te
483 1759 643 1825 praetorem
658 1763 799 1819 uumerus,
819 1769 924 1826 magau
937 1752 1091 1810 multitude

223 1845 387 1914 Siculorum
401 1851 470 1907 luit:
491 1851 558 1927 quid
568 1849 700 1908 lanient?
719 1867 786 1908 cum
800 1851 933 1908 dederint
949 1849 1092 1922 Apronio,

222 1953 301 2026 ¹quod
328 1947 498 2022 poposcerit,
531 1951 694 2020 relinquent
727 1947 892 2008 arationes?
926 1927 1090 2023 relinquent

226 2049 334 2108 Larem
355 2044 526 2101 familiarem
549 2041 651 2100 suum?
672 2045 792 2102 venient
818 2047 986 2119 Syracusas,
1000 2052 1040 2114 ut,
1062 2051 1094 2104 te

212 2148 357 2220 ,praetore
369 2141 517 2208 videlicet,
536 2139 557 2172 ²⁸
567 2158 658 2216 aequo
672 2139 774 2220 [jure]
789 2145 958 2217 Apronium,
971 2145 1093 2202 delicias

223 2258 263 2300 ac
284 2241 376 2299 vitum
397 2244 485 2306 tuam,
502 2239 616 2312 judlcio
635 2245 847 2314 recuperatorio
867 2239 1094 2318 persequantur?

228 2341 340 2398 Verum
354 2344 426 2394 esto.
448 2339 605 2409 reperietur
618 2339 720 2414 aliquis
731 2339 810 2396 fortis
824 2347 854 2397 et
867 2343 1021 2414 experiens
1033 2357 1093 2398 ara·

223 2443 283 2504 tor,
296 2437 354 2510 qui,
367 2451 434 2492 eum
448 2440 560 2494 tuntum
574 2437 686 2492 dederit
706 2439 877 2506 decumano,
891 2445 1027 2514 quantum
1042 2441 1094 2497 ille

223 2535 329 2594 'deberi
341 2532 457 2600 dixerit,
467 2532 581 2606 judicio
595 2539 714 2606 repetat,
728 2541 758 2590 et
772 2553 895 2606 poenam
908 2538 1018 2610 octupli
1032 2554 1094 2610 per·

220 2636 370 2707 sequatur.
404 2631 553 2703 Exspecto
561 2630 622 2686 vim
633 2631 731 2698 edicti,
742 2635 927 2691 severitatem
940 2635 1093 2706 praetoris:

226 2733 315 2790 faveo
329 2729 442 2798 aratori,
452 2729 539 2804 cupio
545 2728 660 2803 octupli,
667 2729 796 2786 damnari
809 2731 980 2805 Apronium.
1015 2733 1094 2805 Quid

228 2830 347 2887 tandem
358 2831 482 2898 postulet
495 2825 610 2884 arator?
630 2828 713 2894 nihil,
724 2827 780 2885 nisi
791 2847 831 2886 ex
845 2830 942 2886 edicio
948 2829 1093 2901 judicium

138 2959 139 2962 ¹
223 2925 262 2984 in
285 2925 464 3041 octuplum*
492 2923 569 2992 Quid
592 2921 764 2992 Apronius?
791 2942 850 2979 non
871 2933 993 2981 recusat.
1024 2927 1095 2998 quid

261 3076 285 3109 Μ
298 3089 352 3136 qum
366 3072 480 3132 vectigalia
491 3071 561 3132 runt]
593 3070 772 3130 Torquentsein
787 3070 821 3116 his
830 3071 963 3136 corrigendis
972 3074 1014 3121 viri
1024 3076 1094 3126 docti.

227 3131 405 3240 ⁴mergulionum
415 3130 512 3190 margine
522 3130 545 3176 in
552 3133 638 3201 textum
648 3134 773 3200 assumtum,
790 3130 866 3192 inquo
883 3133 980 3192 elogium
988 3138 1094 3196 scriptum

232 3199 283 3242 erat
307 3207 341 3248 oc,
350 3193 504 3248 argumentum
515 3189 566 3234 lom.
600 3190 665 3234 Unus
675 3191 761 3236 melun.

261 3271 284 3305 θ’
298 3267 635 3337 quiiadrrguttsjugiscrcut.]
660 3260 1040 3330 Tenuioreseratorer,qultenuem
1049 3284 1096 3318 mo·

223 3329 285 3378 'dum
295 3329 342 3388 agri
351 3333 423 3384 arant,
433 3327 532 3386 adeoque
542 3326 583 3388 iper
595 3328 635 3372 solr
645 3339 731 3373 omnem
741 3328 840 3375 laborem
851 3328 955 3376 rusticum
965 3333 1078 3376 sustinent

260 3408 284 3442 θ’
298 3407 440 3467 aequojure]
455 3405 501 3474 llic
510 3405 617 3476 nfznlinem
627 3406 681 3464 vidi,
691 3407 726 3468 qui
735 3403 853 3478 lraereret,¹
860 3412 893 3456 At
902 3421 945 3478 ego
954 3409 1021 3456 haesi.
1038 3407 1099 3459 Quid

229 3471 256 3513 et
278 3465 784 3524 uomodoaequopurayudcmoreruperutmrol
800 3468 1093 3525 Arbrtrorpuredelendum.

230 3525 265 3572 ita
316 3525 455 3572 eomniares
500 3523 565 3569 dent:
582 3528 601 3568 tc
614 3529 712 3581 praetore
721 3526 828 3588 uidelioet,
837 3541 905 3586 acuero
917 3550 928 3564 ·
941 3551 952 3563 ·
966 3525 1094 3584 Amanium

230 3582 424 3645 decimenta
478 3581 512 3592 ‘⁹
557 3581 719 3633 uomentem.
