2460 4200
208 293 255 354 qq
549 287 741 340 ruvuuesu

211 453 265 512 pro
275 435 320 496 his
328 435 457 496 decumis
467 437 774 504 solvaturaralorilrus,
781 438 823 504 ut,
835 434 912 512 quod
922 433 986 508 plus
993 432 1081 492 sumi-

212 539 360 610 inaquam
369 537 536 606 deberemid
545 537 612 604 emi,
621 554 680 598 non
688 535 792 594 auleui
801 538 923 608 putetur.
945 533 1083 601 'lucum

213 639 257 694 lot
270 638 407 696 decumas
416 655 476 696 non
488 643 604 696 senatus
615 639 757 704 consulto,
767 635 818 692 scd
829 633 915 692 novis
924 632 1030 692 edictis
1041 641 1084 690 tu·

213 733 249 804 is,
260 736 433 812 nefariisque
446 737 586 796 institutis
600 736 733 812 exigeres
744 739 775 792 et
787 732 928 806 eriperes:
944 749 1081 806 magnum

214 837 244 892 te
251 833 356 894 iecisse
364 835 548 904 arbitrabere,
557 836 583 892 i
592 835 679 909 pluris
689 831 864 898 vendideris,
872 847 957 905 quarn
965 832 1001 888 1..
1008 831 1082 888 Hor·

82 977 94 991 ,
214 934 334 1000 tensius,
351 939 433 1008 puter
445 934 528 992 istius
538 935 575 1006 Q.
590 932 749 999 Hortensii,
757 947 842 1006 quum
851 930 907 988 On.
917 929 1082 1002 Pompeius,
1105 935 1109 941 ’

213 1049 299 1106 quarn
307 1032 585 1108 M.Marcellus:qui
591 1034 629 1090 ub
637 1031 792 1106 aequitate,
800 1031 838 1086 ab
845 1030 962 1104 legeab
969 1027 1083 1086 institu-

165 1137 203 1216 li
215 1133 316 1193 tisnon
325 1131 520 1192 recesserunt?
533 1135 582 1194 An
591 1132 646 1190 tibi
654 1131 737 1191 unius
746 1129 879 1198 enni,aut
888 1127 1000 1186 biennii
1007 1127 1082 1184 ratio

215 1231 349 1292 habenda
362 1233 430 1290 luit:
445 1235 521 1294 salus
535 1231 713 1307 provinciae,
733 1229 885 1290 commodo
902 1227 945 1284 rei
956 1226 1081 1286 frumen-

215 1449 284 1490 tum
309 1432 352 1489 ita
377 1449 438 1488 reru
456 1429 644 1486 constitutam
667 1425 839 1498 accepisses,
865 1430 897 1482 ut
920 1430 951 1481 et
976 1427 1084 1498 populo

217 1527 352 1586 Romano
372 1527 442 1586 sutis
464 1525 602 1585 frumenti
615 1523 781 1588 ox,Sicilia
794 1522 1032 1598 suppeditaretur,
1053 1527 1085 1581 et

216 1625 375 1684 aratoribus
386 1629 484 1684 tanuen
496 1640 577 1682 arare
596 1627 683 1699 atqua
703 1625 896 1698 agroecolere
910 1621 1084 1697 expediret!

218 1723 297 1798 Quia
320 1721 465 1784 effecisti?
486 1724 562 1800 quid.
577 1728 725 1784 msecutus
749 1719 802 1782 es?
836 1723 879 1780 Ut
899 1725 1004 1798 populo
1026 1725 1084 1784 Ro·

216 1841 314 1892 manc,
326 1828 457 1899 praeiere
470 1829 510 1890 te,
523 1821 624 1884 nescio
636 1823 704 1898 quid
722 1823 760 1880 ad
773 1824 909 1882 decumas
922 1825 1086 1892 accederet,

216 1925 391 1982 deserendas
408 1921 553 1982 orationes
574 1921 833 1996 relinquendasque
854 1922 974 1982 curasti..
1013 1923 1085 1980 Suc·
1118 1974 1120 1978 ,

218 2020 307 2080 cessit
328 2019 382 2076 tibi
400 2020 435 2076 L.
451 2019 598 2079 Metellus.
641 2019 691 2076 Tu
704 2019 898 2089 innocentior,
917 2038 1002 2096 quom
1020 2020 1084 2078 llic·

217 2114 327 2176 lellus?
341 2122 371 2204 tu
382 2117 475 2176 laudis
488 2123 519 2174 et
529 2116 644 2177 honoris
659 2115 812 2192 cupidior?
825 2118 880 2176 tibi
890 2119 970 2176 enim
982 2136 1085 2178 cousu-

139 2233 145 2250 ·
215 2219 294 2276 lulrrs
315 2219 512 2292 quaerebatur,
534 2216 658 2277 Metello
675 2223 809 2291 paternus
828 2219 968 2278 honoret
987 2219 1085 2276 avitus

216 2317 428 2391 negligebatur.
438 2319 529 2377 mullo
538 2317 657 2376 minoris
669 2318 810 2386 vendidit,
825 2335 882 2376 non
894 2319 988 2386 modo,
998 2335 1087 2392 quern

219 2419 262 2482 tu,
274 2416 325 2472 sed
339 2414 437 2484 etiam,
450 2433 534 2489 quam
544 2415 593 2490 qui
606 2421 674 2474 aute
686 2421 715 2474 te
730 2417 930 2474 vendiderunt.
960 2419 1086 2489 Quaero,

219 2511 246 2572 si
259 2511 322 2586 ipse
343 2513 510 2588 excogitare
529 2531 587 2574 nou
608 2519 729 2588 poterat,
749 2517 987 2588 quemadmodum
999 2533 1087 2590 quam

220 2611 344 2690 plurimo
366 2613 521 2672 venderet:
544 2631 581 2670 ne
602 2617 651 2670 tua
672 2613 788 2687 quidem
813 2615 943 2672 recentia
964 2613 1090 2688 proximi

221 2712 360 2786 practorio
374 2711 499 2787 vestigia
518 2712 650 2788 persequi
664 2717 784 2784 poterut,
803 2717 835 2770 ut
852 2711 909 2768 tuis
924 2712 1090 2786 praeclaris,

221 2811 274 2866 ebs
293 2815 323 2866 te
337 2810 469 2884 principe
490 2811 619 2868 inventis
633 2816 663 2868 et
680 2811 863 2884 excogitatis,
878 2810 982 2868 edictis
1003 2817 1091 2886 alque

159 2935 160 2940 1
222 2905 363 2964 institutis
378 2904 524 2962 uteretur?
539 2908 593 2962 Ille
608 2912 746 2964 veroium
760 2925 791 2962 se
803 2907 955 2964 Metellum
969 2908 1093 2967 minime

223 3001 283 3062 iore
297 3008 434 3078 putasset,
454 3003 480 3059 si
502 3007 530 3059 te
543 3004 604 3058 ulla
623 3001 655 3059 iu
673 3018 705 3061 rc
722 3001 850 3058 imitatus
867 3006 959 3058 esset:
981 3002 1030 3076 qui
1052 3007 1095 3064 ab

223 3105 292 3162 urbe
308 3103 410 3168 Rome,
420 3101 495 3176 quod
506 3117 592 3158 nemo
602 3117 736 3174 umquem
750 3105 814 3173 post
826 3099 973 3158 hominum
984 3118 1094 3161 memo-

223 3201 296 3260 riam
322 3200 401 3268 lecit,
424 3217 491 3258 curu
516 3199 572 3256 sibi
595 3199 626 3256 iu
650 3199 831 3274 provinciam
851 3199 1094 3274 proficiscendum
1148 3233 1150 3240 ⁴

224 3303 348 3374 putaret,
367 3299 478 3356 litteras
500 3299 536 3358 ad
552 3297 672 3356 Siciliae
692 3298 828 3357 civitates
842 3299 929 3367 misit,
953 3318 1004 3373 per
1021 3319 1094 3374 quas

225 3398 354 3456 hortatur
376 3403 407 3456 et
424 3401 516 3472 rogat,
537 3403 569 3456 ut
588 3401 679 3465 arent,
703 3403 735 3455 ut
755 3395 882 3457 ³⁰sterant
905 3398 936 3456 in
950 3399 1097 3457 beneficio
1214 3395 1215 3472 ζ

255 3550 279 3594 ii
292 3551 508 3618 ramularum.
518 3551 561 3614 la]
583 3551 693 3602 Graevius
702 3552 788 3603 delerit
796 3553 830 3614 iss,
840 3554 900 3616 quod
909 3566 953 3602 non
961 3551 1004 3600 luit
1013 3551 1036 3600 in
1045 3550 1096 3601 Ms.
