2428 4212
373 310 447 362 uon.
464 311 493 359 u.
509 309 608 358 urana
621 309 783 364 ausurus.
946 317 1009 376 ἢν,

142 459 273 528 atterum,
294 459 326 517 in
348 459 436 518 Ponti
462 475 511 516 ors
538 464 568 517 et
595 458 756 533 angustiis:
784 457 910 524 tertium
935 439 1012 533 ouon

144 557 296 630 Syracusis
309 563 377 616 ante
388 559 511 616 Verrem
524 563 687 631 praetorem
698 557 762 616 init.
783 558 856 616 iliud
868 557 1011 618 Flamini·

142 673 196 712 nus
206 656 247 714 ita
260 675 298 714 ea
311 659 385 715 aede
397 675 449 714 sna
461 657 585 724 sustulit,
599 661 631 714 ut
650 657 682 714 ia
703 655 861 730 Capitolio,
872 659 928 715 hoo
953 661 1010 726 est.

143 755 175 811 in
198 756 323 814 terrestri
343 755 494 814 domicilio
517 755 604 813 Jovis
624 761 754 829 poneret.
807 757 893 828 Quod
915 761 1012 814 autem

140 857 185 910 est
207 857 244 911 ad
267 855 418 913 introitum
443 855 544 924 Ponti3
565 855 604 922 iu,
626 855 695 913 aum
708 859 768 912 tam
789 856 881 912 multa
902 873 942 912 ex
960 853 1013 911 tuo

138 953 211 1010 mari
235 954 314 1010 balta
332 953 512 1019 emerserint,
536 958 596 1010 tam
618 957 708 1012 multa
728 971 813 1028 porro
838 953 870 1011 in
885 954 1013 1012 Pontum

139 1049 262 1108 invecta
275 1051 343 1118 sint,
356 1068 446 1125 usque
467 1053 503 1107 ad
523 1052 600 1108 hano
623 1053 701 1109 diem
721 1053 866 1128 integrum
888 1051 1011 1110 inviota-

140 1155 258 1222 tumque
272 1154 418 1206 servatum
432 1154 484 1205 est
526 1151 592 1206 Hos
605 1149 730 1216 tertium,
749 1152 824 1224 quod
838 1155 900 1208 erat
923 1151 1012 1223 Syra·

140 1245 229 1314 ausis,
243 1249 318 1320 quod
332 1245 375 1304 M.
390 1247 559 1315 Mareotim,
574 1251 699 1304 armatus
712 1252 743 1304 et
756 1248 860 1314 vietor,
879 1249 1011 1307 viderat:

139 1346 217 1418 quod
230 1345 364 1420 religioni
377 1351 572 1414 concesserat,
592 1347 668 1420 quod
688 1345 771 1402 aises
792 1350 878 1419 atque
896 1346 1012 1402 insulse

137 1443 318 1516 Syracusani
330 1447 437 1513 sotere,
451 1447 584 1503 advenae
598 1463 657 1503 non
670 1449 764 1503 solum
784 1445 889 1513 visere,
910 1461 1012 1504 verum

136 1541 229 1599 etiam
249 1545 383 1602 venerari
396 1546 537 1612 solebant,
552 1545 582 1602 id
596 1545 705 1604 Verres
724 1563 764 1604 ex
789 1546 899 1617 tempto
925 1543 1013 1602 Jouis

140 1642 267 1699 sustulit.
306 1643 350 1700 Ut
359 1642 473 1716 saepius
484 1644 521 1700 ad
535 1643 579 1701 M.
595 1644 768 1701 Mareellum
782 1649 920 1710 revertar,
935 1643 1012 1714 judi-

138 1755 203 1807 oes,
224 1740 266 1796 sis
286 1741 444 1797 habetote:
465 1743 560 1813 piures
589 1759 653 1798 esse
674 1758 693 1797 a
715 1741 906 1814 Syracusanis
929 1741 1012 1798 istius
1101 1727 1106 1736 ’

136 1839 270 1897 adventu
284 1839 363 1906 deos,
376 1855 460 1912 quam
476 1839 599 1896 victoria
620 1838 755 1897 Mareelli
784 1838 915 1896 homines
939 1839 1013 1898 desi·

136 1937 266 1994 demtos.
307 1937 426 1995 Etenim
439 1937 490 1993 itte
503 1937 656 2010 requisisse
667 1937 773 1994 dieitur
793 1936 882 1994 stiam
907 1937 1013 1994 Ambi-

133 2037 255 2092 medem
268 2035 359 2103 illum,
378 2033 399 2066 ⁵⁵
408 2053 519 2092 summo
533 2035 654 2110 ingenio
666 2036 813 2093 hominem
834 2052 869 2092 ao
882 2035 1011 2109 discipli·

131 2151 182 2202 ne,
208 2152 331 2209 eumque
358 2151 424 2192 oum
451 2134 578 2192 audisset
612 2135 805 2200 intersectum,
833 2138 1009 2206 permoleste

133 2233 257 2290 tulisse:
278 2233 334 2288 iste
348 2232 455 2298 omnia,
469 2250 543 2306 quae
564 2232 724 2306 requisivit,
745 2249 804 2288 non
826 2237 859 2290 ut
871 2237 1010 2301 servaret,

130 2349 243 2391 verum
268 2334 300 2387 ut
327 2335 493 2404 asportaret,
524 2329 683 2406 requisivit.
738 2329 807 2388 Jam
830 2329 891 2397 itta,
910 2327 1064 2404 “quisse

130 2430 252 2488 leviora
266 2429 447 2495 videbuntur,
462 2429 529 2486 ideo
541 2429 723 2502 praeterib03
744 2429 820 2502 quod
831 2428 885 2486 iste
896 2446 1012 2488 mensas

130 2528 333 2602 Delphioase
353 2545 502 2595 marmore,
520 2525 677 2586 ⁵⁷araturas
701 2546 740 2585 ex
764 2545 831 2585 aste
856 2527 1013 2600 putcherri-

128 2646 205 2696 mss,
221 2626 285 2686 vim
298 2625 456 2684 maximam
469 2642 604 2682 vasorum
620 2624 846 2691 Corinthiomm,
868 2643 906 2680 ex
921 2625 1012 2682 omni-

126 2729 185 2784 bus
207 2725 331 2782 aedibus
344 2725 433 2781 saeris
449 2723 602 2798 Syracusis
614 2721 742 2780 abstulit.
764 2722 876 2795 ltaque,
886 2721 1012 2794 judiees,

130 2825 176 2893 hi,
191 2824 247 2899 qui
267 2823 395 2898 hospites
421 2825 459 2882 ad
486 2841 531 2892 ea,
555 2839 629 2897 quae
657 2822 780 2885 visenda
805 2827 880 2891 sunt,
907 2823 1012 2880 ducere

128 2977 1014 3154 Ἄσέζξαέξὲὺῗῇᾚὲᾜωῗῗυπέἷᾜῶᾓ

158 3174 510 3245 “mdohsiurofflstuntun
528 3173 548 3219 ri
565 3174 604 3243 tue
621 3175 665 3220 loro
683 3171 1012 3242 &masur-mrumst]

131 3229 1013 3360 ffipffiffisfflffiffiuaffiifflffiw

143 3353 194 3403 aod
205 3365 315 3412 praesens
324 3349 436 3411 requirit·
452 3349 470 3395 si
480 3363 597 3408 murnum
608 3351 673 3404 esset,
683 3361 703 3394 a
712 3348 847 3394 mantus.
872 3347 916 3393 Sed
926 3346 1013 3394 idests

127 3369 272 3474 {inmatura
303 3407 376 3456 Abest
384 3423 399 3453 s
437 3423 454 3453 s.
466 3407 509 3454 Gu.
520 3406 572 3454 ideo
581 3405 643 3464 ejeci.

156 3490 183 3526 ⁵⁷
200 3492 301 3535 meros
314 3511 326 3522 ·
339 3513 349 3520 -
363 3484 564 3591 romb
576 3483 1011 3554 Cmdoafjiermneessapalrterrirsss.

128 3546 327 3610 lnpostatersm
334 3550 449 3602 erstem
456 3558 528 3592 nonan
557 3545 708 3594 retroneum
717 3542 1011 3603 Beneuentanum.

169 3645 252 3686 von.
272 3644 301 3682 v.
580 3627 617 3680 lu
