2486 4212
208 321 269 384 lit
461 321 465 328 ’
540 311 733 366 ΝΜ

207 464 340 526 &mano
354 459 496 530 ateium,
506 457 761 532 truotnoaiaaimun
771 460 856 534 atque
864 457 1074 532 opportunirrt·

205 559 551 640 muneremini
560 573 688 617 eamvm
696 555 778 616 iatine
789 553 977 615 damnatione
990 573 1071 616 reon-

204 661 321 740 neratia.
363 659 441 734 Quid
453 664 499 718 eat
511 658 591 717 euim
609 655 721 724 Sicilia,
741 654 809 713 aiei
828 653 890 728 agri
908 654 1070 716 eultionem

205 759 362 828 auatuierie,
370 757 434 817 etsi
446 761 587 820 aratorum
597 771 745 814 numerum
754 769 790 812 aa
804 769 910 811 nomon
920 751 1077 812 aretinae·

205 860 268 923 rint
288 860 367 934 Quid
379 859 566 932 enim-potest
576 874 639 914 eoae
653 855 684 914 in
692 837 858 914 eatanutate
865 852 982 923 residui,
991 854 1068 928 quod

205 977 265 1022 non
288 960 327 1018 ad
339 957 458 1017 mieeroa
468 961 612 1023 'mutereo
625 955 681 1012 isto
692 957 833 1028 praetore,
854 969 905 1026 per
927 967 1070 1012 summam

204 1057 339 1134 iniuriam
352 1054 597 1130 ignominiamque
609 1048 797 1127 pervenerit?
816 1049 927 1126 quiem,
940 1065 1007 1109 oum
1017 1051 1071 1108 de·

205 1172 305 1216 aumas
324 1156 393 1212 dare
415 1154 563 1220 deberent,
581 1150 602 1184 ¹⁰
613 1151 665 1209 vix
691 1151 762 1225 ipris
789 1149 929 1207 decumae
946 1148 1071 1208 altatae

205 1257 287 1312 runt:
308 1270 375 1312 onm
384 1249 510 1325 pecunia
519 1252 679 1318 doemon,
689 1250 783 1306 uoluta
790 1265 849 1307 non
859 1252 922 1306 est:
942 1263 1070 1319 cumop-

205 1351 278 1412 timn
293 1350 495 1410 aestimatione
508 1353 624 1408 senatur
649 1349 822 1405 trumentum
842 1362 892 1404 eoa
915 1345 947 1403 in
960 1345 1077 1407 eertum

206 1451 277 1512 dara
298 1449 447 1518 voluiaaet,
460 1447 550 1506 etiarn
576 1446 766 1503 instrumente
788 1461 919 1518 agrorum
938 1443 1070 1501 vendero

153 1552 194 1612 ⁹8
205 1547 302 1608 eoacti
314 1551 389 1604 sunt
432 1545 507 1604 Dixi
522 1544 588 1617 jam
600 1547 696 1610 antee,
709 1542 835 1615 jndieea,
848 1546 880 1600 ut
899 1543 951 1600 hes
964 1557 1068 1600 omnes

204 1645 324 1720 injurias
349 1642 467 1710 tollatis,
492 1647 589 1700 umen
610 1641 703 1714 ipram
729 1641 871 1700 rationem
893 1639 994 1701 arandi
1014 1657 1077 1714 epe

204 1743 296 1818 magia
310 1745 340 1800 et
346 1741 529 1815 jucunditate
542 1741 674 1814 quadam,
687 1755 773 1815 quam
785 1738 877 1796 trunto
891 1743 976 1813 atque
989 1753 1079 1796 emo··

142 1906 147 1924 ἱ
204 1843 333 1900 iumento
346 1837 448 1899 teneri.
489 1837 608 1897 Etenim
620 1838 658 1893 nd
671 1836 813 1894 ineertum
826 1841 965 1894 canumet
977 1853 1069 1894 even·

205 1943 266 1998 tum
285 1943 379 1998 eertue
393 1935 546 2011 quotannis
559 1937 640 1992 labor
652 1939 683 1991 et
696 1939 791 1992 nortus
805 1938 913 1992 eumtrre
926 1933 1078 2008 impendi·

205 2041 259 2096 tur.
273 2051 388 2094 annona
399 2049 483 2106 porro
491 2031 621 2104 pretium,
632 2030 688 2088 niei
698 2030 731 2088 in
740 2031 906 2090 calamitate
915 2031 1068 2101 fruetuum,

204 2149 263 2192 non
276 2132 372 2188 hebet.
392 2130 419 2188 oi
432 2133 529 2188 numm
542 2129 656 2186 ubertas
669 2128 700 2186 in
714 2127 909 2202 percipiendi·
927 2128 1067 2188 truotibur
1130 2151 1135 2158 ·

202 2229 267 2298 tuit,
284 2229 466 2304 oourequitur
493 2225 594 2285 vilitaa
614 2226 646 2284 iu
660 2225 836 2284 vendendis:
867 2230 899 2285 ut
919 2232 969 2284 aut
989 2229 1077 2286 mala·

203 2325 752 2400 vendenduminteltigae,eiprooessit3
772 2327 903 2386 autmale
914 2329 1067 2400 perceptor

202 2426 318 2493 iuretur,
341 2425 465 2483 sinente
492 2425 564 2482 licet
587 2425 724 2482 vendere.
774 2423 870 2482 'l'otae
895 2428 990 2482 autem
1018 2441 1077 2484 rea*

202 2523 327 2582 nutioae
340 2522 480 2595 ejusmodi
499 2525 575 2590 runt,
589 2527 620 2578 ut
632 2539 682 2579 eae
696 2538 755 2580 uon
772 2521 855 2589 ratio,
869 2539 962 2596 neque
975 2524 1066 2593 labor,

203 2622 255 2678 red
268 2637 313 2680 ree
326 2620 545 2689 incertissimo,
559 2619 642 2678 venti
662 2623 901 2695 tempestatesque
918 2620 1068 2678 moderen·
1101 2659 1106 2672 ,

204 2724 257 2777 tur.
299 2719 377 2777 Hine
390 2737 456 2777 oum
477 2736 552 2776 unae
572 2720 713 2776 denumne
732 2715 753 2748 ²⁹
766 2720 830 2792 lege
851 2722 884 2775 et
897 2717 1073 2776 eonditione·

203 2818 366 2874 trahantur:
394 2820 502 2876 alterae
524 2817 610 2876 novis
631 2815 770 2873 institutis
794 2819 909 2889 propter
931 2831 1066 2888 annonae

203 2913 345 2970 rationem
368 2912 560 2985 imperentur:
591 2917 702 2970 ematur
722 2917 870 2986 praetereo
892 2913 1067 2972 trumentum

203 3008 356 3085 quotannis
370 3009 501 3081 publice:
521 3013 665 3082 postremo
684 3008 773 3066 etiam
794 3009 826 3068 in
839 3012 944 3070 oollam
962 3010 1065 3084 mugie-

204 3181 255 3300 ’ἐξ
267 3179 365 3286 virgus
374 3179 418 3227 dar.
429 3180 517 3226 relictae
525 3179 595 3241 runt]
626 3179 753 3235 Admodum
762 3179 858 3243 speciose
869 3181 987 3230 lambiunt
997 3181 1069 3230 corri-

244 3254 303 3298 apaan

233 3319 255 3350 ²⁰
270 3318 346 3375 togati
361 3317 500 3376 eruditione]
531 3315 567 3363 sie
580 3317 631 3363 edd.
648 3320 704 3363 vett.
719 3320 743 3362 et
758 3317 816 3364 Mer.
831 3321 922 3387 prneter
936 3317 1011 3365 Nann.
1026 3317 1068 3379 qui

203 3375 272 3421 habet
285 3375 301 3421 l.
316 3380 335 3421 et
350 3375 510 3430 commodiane,
527 3375 585 3436 quod
601 3379 626 3421 et
643 3374 750 3423 Graevius
766 3390 816 3422 reue
831 3380 855 3424 rt.
872 3391 916 3422 non
934 3376 1004 3422 bene:
1025 3391 1069 3424 nee

204 3431 352 3480 emdiuenem
361 3432 471 3479 intellexit
485 3431 646 3480 Hotomannur.
679 3434 749 3480 Immo
825 3433 849 3446 ‘⁹
875 3439 909 3480 eat
924 3438 992 3481 mun
1002 3432 1067 3481 Siou-

204 3491 283 3560 lourm,
300 3505 365 3551 quem
379 3495 455 3538 tenent
473 3505 500 3536 ex
514 3491 563 3562 lege
580 3493 616 3540 Ru
633 3490 729 3550 ’11qu
745 3505 830 3542 mauu.
859 3495 935 3554 Atque
950 3492 1005 3542 itaet
1022 3491 1072 3540 duo

203 3548 417 3614 anumjunguntur.
435 3563 455 3597 r.
466 3549 531 3597 clav.
542 3565 585 3600 rnr
631 3550 675 3598 itio
