2428 4212
382 315 453 363 scr.
470 317 499 364 u.
516 314 613 364 mssa
628 314 777 368 eumuna.
946 319 1008 377 255

142 460 236 518 classe
249 463 348 537 populi
369 463 494 522 Romani
514 463 707 538 pulcherrima
720 462 835 530 amissa,
847 459 1010 536 provincia·

142 577 199 633 que
224 563 359 631 lacerata,
381 564 538 638 triumphus
569 562 684 620 navalis
715 562 768 618 tibi
798 563 1010 619 decerneretur.

146 660 214 731 Age
237 677 328 732 porro,
342 662 478 720 custodiri
502 664 607 719 ducem
628 663 804 736 praedonum
825 678 903 717 novo
922 676 1011 726 more,
1021 670 1061 734 27

144 775 230 831 quam
254 760 348 820 securi
369 762 448 819 feriri
469 761 598 818 omniurn
621 763 757 834 exemplo
781 759 873 833 magis
893 756 1010 831 placuit.

144 855 228 926 Quae
241 864 308 917 eunt
321 860 394 918 istae
405 859 578 918 custodiae?
597 862 674 933 apud
687 877 758 934 quoe
772 854 927 916 homines?
946 874 1013 931 que·

140 957 327 1014 madmodum
341 964 385 1014 est
398 956 583 1015 asservatus?
601 957 802 1032 &Lautumias
815 957 1013 1028 Syracusanae

139 1069 245 1110 omnes
269 1055 405 1112 audistis:
437 1054 564 1129 plerique
587 1057 686 1113 nostis.
728 1057 808 1129 Opus
830 1059 874 1111 est
900 1053 1014 1127 ingens,

140 1152 338 1224 magnificum,
353 1171 451 1227 regum
466 1171 501 1210 ac
515 1159 711 1226 tyrannorum.
725 1161 817 1211 totum
831 1160 876 1211 est
889 1171 926 1209 aa
941 1168 1014 1208 saxo

141 1249 154 1306 i
165 1268 175 1305 1
190 1250 351 1308 mirandam
364 1251 548 1319 altitudinem
560 1252 704 1324 depresso,
714 1256 745 1307 et
755 1253 907 1308 multorom
920 1249 1015 1325 operis

141 1348 261 1420 penitus
275 1350 385 1407 exciso.
407 1350 479 1406 nibil
494 1356 554 1406 tam
565 1352 694 1406 clausum
707 1350 744 1405 ad
756 1347 943 1422 enitus‚nihil
957 1356 1017 1405 tam

140 1452 257 1520 septum
271 1449 406 1524 undique,
426 1448 500 1506 nibil
524 1454 584 1505 lam
607 1452 699 1506 tutum
722 1448 760 1504 ad
784 1447 939 1514 custodias,
961 1463 1017 1505 nec

140 1545 216 1613 fieri,
230 1564 285 1602 nec
294 1546 414 1620 cogitari
429 1552 532 1622 potest.
555 1548 590 1604 ln
606 1548 657 1604 has
674 1546 837 1611 lautumias,
851 1544 934 1620 siqui
949 1546 1017 1618 pub-

142 1642 204 1700 lice
216 1646 398 1702 custodiendi
406 1652 481 1714 sunt,
494 1647 583 1705 etiam
594 1665 633 1703 ex
646 1645 751 1702 ceteris
766 1645 880 1717 oppidis
896 1643 1018 1701 Siciliae

142 1741 252 1797 deduci
273 1742 456 1815 imperantur.
497 1744 543 1799 Eo
565 1745 641 1816 quod
660 1745 765 1799 multos
789 1742 922 1815 captivos
936 1742 1019 1798 cives

145 1840 297 1898 Romanos
322 1841 497 1914 conjecerat,
511 1845 541 1897 et
560 1842 635 1914 qnod
655 1842 759 1897 eodem
783 1846 895 1896 ceteros
913 1839 1020 1912 piratas

145 1939 284 1996 contrudi
308 1938 480 2013 imperarat3
511 1938 669 2006 intellexit,
692 1938 719 1995 si
743 1940 820 1995 bunc
834 1937 1019 1995 subditicium

142 2037 350 2110 archipiratam
364 2037 395 2094 in
410 2039 533 2095 eandem
553 2037 714 2094 custodiam
727 2037 863 2105 dedisset,
878 2037 987 2104 lore,nt
999 2054 1019 2092 a

139 2136 254 2204 multis,
267 2135 325 2194 illis
339 2136 370 2193 in
384 2136 539 2203 lautumiis,
553 2135 573 2168 ⁸²
585 2154 669 2192 verus
684 2136 734 2192 ille
749 2137 808 2192 dux
823 2141 1015 2210 quaereretur.

137 2237 245 2310 ltaque
267 2235 415 2291 hominem
437 2235 504 2290 buic
530 2234 659 2306 optimae
681 2233 899 2308 tutissimaeque
923 2239 1017 2291 custo-

136 2334 210 2391 diae
226 2351 283 2388 non
305 2333 392 2388 audet
411 2332 601 2388 committere.
621 2330 746 2406 denique
768 2333 927 2404 Syracusas
942 2338 1017 2390 totas

140 2433 249 2490 timet:
271 2431 419 2487 Amamlat
432 2431 588 2488 hominem.
610 2428 689 2505 quo?
703 2430 877 2503 Lilybaeum
888 2430 1016 2487 sortasse.

140 2530 263 2587 Video:
285 2534 381 2586 tamen
396 2528 527 2586 homines
541 2528 699 2587 maritimos
717 2547 777 2585 non
791 2531 878 2601 plane
893 2527 1017 2587 reformi-

137 2631 204 2688 dat.
247 2627 382 2695 Minime,
397 2628 523 2700 judices.
565 2629 739 2684 Panormnm
759 2623 873 2700 igitur?
897 2626 1016 2684 Audio:

138 2733 316 2803 quamquam
332 2727 493 2800 Syracusis,
507 2726 643 2799 quoniam
665 2727 695 2780 in
718 2726 903 2797 Syracusano
916 2729 1017 2797 captus

140 2831 219 2891 erat,
233 2824 369 2890 maxime,
383 2823 408 2880 si
431 2823 526 2880 minus
547 2824 690 2896 supplicio
712 2822 798 2890 allici,
822 2829 852 2880 at
879 2823 1018 2882 custodiri

137 2924 306 2999 oportebat.
338 2923 386 2978 Ne
404 2922 712 3001 Panormumquidem.
755 2920 1018 2999 Quidigituriquo
1102 2932 1106 2937 '

140 3018 279 3098 putatis?
300 3022 351 3078 Ad
365 3020 496 3078 homines
510 3039 528 3078 a
542 3021 696 3094 piratarum
710 3025 788 3079 melu
803 3025 833 3077 et
852 3022 1017 3095 suspicione

141 3120 359 3180 alienissimos:
379 3138 398 3176 a
419 3121 585 3194 navigando
609 3122 749 3195 rebusque
763 3120 914 3177 maritimis
928 3138 1018 3179 remo·

142 3220 282 3286 tissimus,
296 3220 333 3275 ad
347 3219 562 3292 Centuripinos,
582 3219 714 3276 homines
737 3217 865 3275 maxime
885 3218 1017 3278 mediter·

173 3373 196 3405 ω
211 3371 408 3443 [auturiasSpm
409 3373 438 3434 a]
450 3373 479 3418 de
493 3372 528 3418 his
537 3371 724 3433 operaepretium
734 3370 763 3417 sit
782 3370 857 3428 legere
865 3371 950 3419 tradita
958 3372 1017 3421 Dor-

141 3429 227 3478 rillio
220 3446 243 3476 rn
255 3430 340 3478 itinere
349 3388 456 3493 Srrulop.
468 3435 516 3480 18⁰

174 3509 198 3543 ⁸7
212 3523 277 3556 nemu
284 3509 326 3555 illc
334 3510 383 3557 dua
390 3510 542 3570 quaereretur]
557 3523 586 3555 ne
594 3508 706 3570 piratae,'
699 3524 723 3555 ra
734 3509 848 3557 lautumiis
857 3509 896 3571 qui
904 3515 1016 3566 essentet

136 3569 207 3618 illurn
219 3566 378 3638 archipiratam
388 3574 483 3627 nossent,
495 3571 553 3615 bunc
562 3583 606 3614 uon
620 3572 770 3627 agnoscerent,
781 3573 806 3615 et
813 3582 890 3617 venun
895 3568 1014 3628 archipira

142 3635 194 3678 hm
202 3626 368 3685 aalma
384 3643 405 3672 v.
416 3627 499 3674 clar!
492 3641 515 3674 m
523 3641 635 3688 mm.
