2428 4212
360 315 432 367 ror.
450 316 481 366 ιι.
498 313 596 366 arnus
612 313 765 368 omarus.
927 319 992 380 225

125 466 226 520 tamen
239 441 491 538 exspectationem
502 465 641 524 omnium.
663 463 782 522 nomine
795 460 915 522 sceleris
927 478 996 522 oou·

120 561 334 638 ¹jurationisque
348 563 486 631 damnati,
499 566 537 622 ad
551 563 724 638 supplicium
737 561 844 629 traditi,
852 561 887 618 nd
900 562 998 634 pulum
1109 621 1113 636 ,

125 659 250 735 altigati,
263 669 391 735 repente.
404 663 502 721 muitis
516 663 643 722 miilibus
669 661 817 720 bominum
834 660 998 733 inspectan-

130 758 215 830 tibus,
235 762 321 820 soluti
344 767 420 831 sunt,
443 768 475 822 et
496 763 649 822 Leonidae
673 761 718 821 uu
743 759 863 818 domino
882 757 997 816 redditi.

128 857 207 930 Quid
221 861 277 918 boc
292 861 357 919 ioco
370 865 453 935 potes
467 861 575 930 dicere,
590 863 678 919 bomo
701 855 924 919 amentissime?
943 855 1000 918 uisi

125 957 166 1026 id,
186 961 264 1033 quod
284 978 341 1034 ego
362 979 421 1018 non
442 979 563 1035 quaero:
584 965 659 1038 quod
680 964 806 1038 denique
828 963 860 1020 in
885 979 915 1019 re
939 965 1000 1018 tam

129 1057 253 1124 nefaria,
276 1057 391 1116 mmetsi
415 1059 539 1118 dubitari
563 1079 621 1120 non
645 1069 749 1136 potest,
774 1069 882 1128 tumen,
909 1077 947 1118 ne
973 1057 1007 1114 εἰ·

133 1153 281 1212 dubitetur
290 1157 415 1230 quidem,
422 1161 521 1232 quaeri
534 1165 679 1232 oporteat:
699 1161 778 1235 quid,
790 1163 840 1219 aut
854 1161 1001 1234 quantum,

135 1256 186 1308 aut
198 1255 342 1326 quondo
354 1255 513 1330 acceperis.
533 1257 649 1315 remitto
661 1257 715 1316 tibi
726 1260 781 1315 boc
802 1262 903 1323 totum,
915 1261 1002 1330 atque

133 1349 191 1408 ista
204 1355 316 1412 tooure
329 1353 429 1412 libero.
441 1357 625 1430 nequeenim
639 1361 745 1424 mettio,
755 1373 793 1413 ne
804 1357 859 1412 boc
871 1353 1004 1427 cuiquam

133 1451 348 1529 persuadeatur,
361 1457 402 1520 ut,
415 1455 453 1510 ad
476 1457 552 1529 quod
572 1455 686 1514 facinus
707 1471 803 1520 nemo,
829 1456 944 1527 praeter
966 1455 1006 1518 te,

134 1549 195 1606 ulia
216 1550 341 1622 pecunie
364 1553 470 1612 adduci
490 1555 625 1628 potuerit,
645 1553 676 1613 id
698 1558 729 1611 tu
751 1552 839 1628 gretie
858 1551 1006 1624 suscipere

135 1653 257 1729 mustus
278 1651 327 1708 sis.
376 1653 489 1710 Verum
510 1654 547 1709 de
574 1653 632 1710 ista
654 1652 769 1710 iurandi
792 1649 1006 1724 praedandique

137 1747 251 1806 ratione
265 1749 338 1806 nibil
352 1749 436 1806 dicor
456 1752 493 1807 de
506 1750 562 1807 bae
576 1751 761 1822 imperatoria
775 1747 839 1821 jam
853 1754 903 1804 tua
921 1748 1007 1804 laude

136 1845 263 1920 disputo.
306 1847 384 1918 Quid
398 1845 451 1914 nis,
464 1849 540 1905 bone
560 1853 658 1905 custos
681 1846 871 1920 defensorque
892 1833 1039 1919 provin-⁶

138 1943 229 2004 oiae?
247 1950 289 2014 tu,
308 1961 379 2020 quos
400 1963 500 2002 servos
518 1963 598 2004 erms
615 1963 731 2019 capere,
743 1962 780 2003 ec
792 1945 900 2002 bellum
913 1942 1009 2001 iacere

138 2044 171 2102 in
197 2043 303 2103 Sicilia
325 2044 453 2101 votuisse
474 2061 624 2120 cognoras,
639 2045 720 2104 etde
733 2039 1008 2104 consiliisententia

132 2143 292 2217 judicares,
305 2144 358 2200 bos
371 2145 409 2200 ad
422 2143 594 2218 supplicium
601 2143 665 2218 jam
678 2161 758 2203 more
771 2145 910 2219 majorum
923 2143 1009 2202 tradi·

140 2247 195 2310 tos,
209 2247 240 2299 et
253 2245 290 2300 ad
304 2245 402 2316 palum
415 2242 556 2316 atticotos,
570 2261 608 2300 ex
623 2244 720 2301 media
733 2249 824 2300 morte
843 2244 953 2317 eripere
973 2259 1009 2300 ac

141 2341 265 2402 liberere
279 2357 364 2397 ausus
377 2337 431 2398 es?
449 2346 490 2407 ut,
503 2359 588 2415 quam
610 2341 754 2399 damnatis
777 2341 871 2398 servis
893 2357 1011 2398 crucem

141 2441 258 2506 fixeras,
285 2440 361 2497 bano
387 2438 562 2510 indemnatis
588 2439 703 2498 civibus
730 2438 871 2498 Romanis
884 2454 1011 2495 reserva·

143 2535 212 2596 resi
232 2537 367 2596 Perditnc
399 2537 547 2606 civitates,
567 2538 726 2612 desperatis
757 2537 890 2596 omnibus
917 2537 1011 2604 rebus,

143 2637 198 2696 boe
224 2639 320 2696 soient
345 2635 440 2694 exitus
464 2635 600 2694 exitiales
626 2638 743 2702 babere,
769 2641 802 2693 ut
827 2633 958 2692 donandi
979 2635 1012 2691 iu

141 2738 288 2810 integrum
324 2736 520 2802 restituantur,
549 2733 645 2792 vincti
665 2736 824 2800 solvantur,
846 2733 947 2789 exules
971 2749 1013 2789 re·

143 2837 295 2903 ducuntur,
317 2851 362 2891 res
382 2832 534 2907 judicatae
567 2832 775 2892 rescindantur.
796 2848 870 2907 quae
887 2847 953 2887 cum
967 2847 1013 2887 ac-

144 2935 257 3002 cidunt,
281 2951 367 2991 nemo
388 2935 442 3000 est,
467 2930 537 3006 quin
560 2931 716 3007 intelligat,
741 2949 822 2988 ruere
836 2930 917 2988 iiiam
940 2947 1011 2987 rem-

145 3033 301 3110 publicam.
321 3030 427 3089 ¹⁰bsec
447 3029 497 3088 ubi
521 3029 654 3098 veniunt,
678 3048 764 3089 nemo
790 3035 844 3097 est,
861 3028 1014 3103 quintium

146 3151 229 3208 spem
252 3131 352 3190 salutis
373 3131 512 3206 reliquam
537 3149 600 3188 esse
623 3129 784 3187 arbitretur.
827 3129 925 3201 Atque
939 3127 1013 3182 haec

145 3230 242 3292 sicubi
267 3232 344 3290 sucta
359 3235 435 3298 sunt,
457 3229 536 3286 tacta
556 3234 633 3295 sunt,
655 3233 688 3286 ut
707 3227 840 3284 homines
863 3225 1014 3297 poprdsres

176 3382 434 3458 umanum.)
464 3379 865 3440 Graeviusemtuntebtsmllteg
865 3377 1014 3425 uodetolirn

147 3442 640 3515 qnidnmexflotonranmconjeetururece
665 3453 700 3485 ..re
718 3438 782 3484 etid
796 3391 877 3484 citerus
894 3438 1014 3508 respondet

146 3503 297 3565 serbopriori
314 3499 522 3560 mamper
522 3454 738 3561 questuiinou.
770 3497 1015 3544 Sadotocrsarslomm

147 3563 359 3632 babsoepotestw
345 3513 616 3608 contemnique
629 3557 670 3616 ΙΧ,
682 3561 716 3606 12.
749 3556 1016 3604 emmeramensem

147 3621 348 3684 bosspuriumest
379 3557 970 3676 condimntumdonrnbmddorenuur.
