2418 4208
354 341 584 396 conrumpere
599 341 750 396 aurnuns.
921 345 985 409 3⁰3

9 493 22 534 ἐ
120 471 392 548 commemoratione
406 489 535 549 civitatis
548 492 647 548 omnia
660 492 782 548 verbera
794 489 985 564 depulsurum,

12 594 23 634 i
115 587 330 664 cruciatumque
351 606 370 646 a
388 605 507 663 corpore
520 589 701 662 dejecturum
714 588 914 646 arbitrabatur.
955 587 985 645 le

7 700 14 738 r
117 699 176 744 non
196 689 282 746 modo
301 688 357 745 boc
376 704 437 745 non
455 688 586 761 perfecit,
599 693 632 745 ut
646 687 791 762 virgarum
804 687 867 744 vim
886 686 986 759 depro-

7 822 17 838 ,
118 789 247 841 caretur:
278 787 339 854 red,
362 801 430 844 cnm
452 785 619 860 imploraret
639 785 763 858 saepius,
781 787 985 858 usurparetque

7 933 8 936 ,
116 897 224 940 nomen
233 883 374 942 civitatis:
388 901 470 952 cmx,
481 883 697 958 crux,iuquam‚
710 882 823 941 infelici
834 885 865 940 et
875 897 985 940 aerum-

7 1013 9 1022 ‚
116 992 200 1048 nono,
217 977 239 1013 '¹⁴
249 981 299 1056 qui
311 997 466 1055 numquam
478 981 564 1038 istam
584 986 758 1056 potestatem
772 979 895 1048 viderat,
908 993 987 1036 corn

12 1126 15 1134 .
114 1079 277 1152 parabatur.
319 1077 464 1137 Onomen
478 1078 563 1136 dulce
575 1080 735 1136 libertatis!
755 1079 831 1153 ans
845 1073 1038 1140 eximiumdd

7 1222 16 1240 ,
115 1178 232 1233 nostrae
242 1175 390 1234 civitatis!
410 1178 494 1234 olex
505 1175 619 1244 Porcia,
630 1178 766 1252 legesque
778 1162 984 1251 Semproniae!

7 1311 15 1338 ,.
113 1289 135 1330 o
154 1273 283 1348 graviter
295 1273 466 1342 desiderata,
480 1277 510 1331 et
530 1273 685 1349 aliquando
704 1274 816 1331 reddita
835 1275 915 1347 plebi
928 1275 986 1332 lto·

113 1389 220 1430 manae
233 1371 389 1431 tribunicia
409 1377 552 1447 potestant
583 1373 719 1432 liucoine
741 1374 862 1430 tandem
885 1372 986 1430 omnia

7 1505 16 1542 ι,
114 1471 291 1539 reciderunt,
303 1475 336 1528 nt
354 1471 430 1529 civis
445 1471 592 1529 Romanus
605 1471 636 1528 ln
651 1469 804 1544 pruvincia
816 1469 916 1544 popuii
929 1471 986 1528 Ro·

7 1617 10 1628 .
114 1569 206 1636 mani,
222 1569 254 1628 in
276 1569 384 1644 oppido
405 1569 623 1638 foederatorum,
647 1571 685 1626 ab
706 1585 752 1637 eo,
771 1568 821 1642 qui
843 1568 986 1626 beneficio

7 1715 11 1736 „
113 1665 215 1742 populi
229 1667 355 1726 Romani
367 1667 459 1726 iancea
473 1672 503 1726 et
522 1685 638 1726 recures
652 1669 781 1735 baberet,
795 1667 939 1740 deligatur
952 1667 990 1746 in,

114 1766 180 1824 foro
193 1763 283 1838 virgis
296 1761 486 1823 caederetur?
519 1765 606 1836 Quid,
619 1781 687 1822 cnm
700 1763 782 1838 ignea
796 1765 986 1839 ardentesque

7 1907 10 1938 r
113 1863 254 1930 laminae,
274 1861 420 1936 ceterique
440 1860 584 1919 cruciatus
605 1858 859 1919 admovebantur?
902 1861 936 1918 Si
955 1867 986 1919 to

112 1959 196 2020 illius
206 1961 312 2018 acerba
325 1959 489 2033 imploratio
501 1963 532 2017 et
543 1977 603 2018 vox
616 1958 789 2017 miserabilis
807 1958 830 1992 '⁵
839 1975 897 2016 non
910 1958 985 2018 iniri·

110 2049 213 2125 bebat,
226 2075 265 2115 ne
285 2057 397 2117 civium
420 2057 536 2132 quidem
550 2059 755 2124 Romanor-rm,
768 2057 817 2132 qui
836 2061 898 2116 turn
918 2059 986 2114 ade·

47 2219 54 2226 ,
111 2161 191 2225 rant,
214 2147 282 2214 fietu
309 2163 340 2215 et
366 2156 476 2230 gemilu
504 2158 632 2214 maximo
659 2153 909 2214 commovebare?
948 2157 985 2213 ln

111 2271 232 2316 crucem
253 2259 286 2312 tu
311 2271 396 2328 agere
421 2271 505 2310 ansus
530 2272 562 2310 es
582 2271 762 2328 quemquam,
778 2253 827 2327 qui
840 2271 873 2311 aa
886 2254 985 2312 civem

112 2353 281 2414 Romanum
294 2369 358 2409 esre
368 2349 501 2409 diceret?
520 2351 611 2408 Nolui
625 2357 685 2407 tarn
696 2351 886 2408 vehementer
898 2367 984 2424 agera

111 2453 174 2512 boc
189 2451 281 2525 prima
293 2449 419 2516 actione,
427 2447 560 2522 judices:
583 2449 672 2506 nolui.
712 2447 839 2505 Vidistis
852 2448 940 2516 anim,
954 2452 986 2506 ut

110 2550 208 2611 animi
227 2547 419 2606 multitudinis
440 2548 471 2604 in
492 2547 579 2604 istum
598 2547 707 2614 dolore,
721 2551 752 2604 et
771 2547 849 2611 odio,
863 2554 894 2603 et
908 2563 986 2604 com·

109 2647 211 2709 munis
234 2647 356 2720 periculi
379 2649 467 2712 metu,
488 2645 712 2702 concitarentur.
755 2644 850 2702 Statni
871 2649 987 2718 egomet

108 2746 189 2807 milri
216 2749 277 2802 turn
298 2745 415 2802 modurn
438 2743 562 2802 orationi
586 2759 679 2811 meae,
702 2745 733 2798 et
757 2741 793 2800 0.
809 2741 986 2818 Numitorio,

107 2841 206 2918 equiti
220 2841 361 2908 Romano,
375 2840 510 2914 primario
533 2841 654 2908 bomini,
676 2839 746 2898 terti
766 2855 851 2896 meo:
872 2844 902 2897 et
916 2840 986 2898 tila·

107 2937 299 3006 brionem,id
319 2939 394 3012 quod
414 2938 626 3011 sapientissime
647 2938 728 3007 lecit,
746 2937 842 2996 iacere
862 2940 985 2996 laetatur

106 3055 187 3107 aum,
201 3041 234 3094 ut
251 3041 381 3109 repente,
394 3034 520 3094 consilio
535 3037 566 3094 in
580 3037 685 3104 medio,
700 3041 804 3094 testem
817 3036 985 3094 dimitteret.

107 3135 236 3202 Etenim
256 3135 418 3202 verebatur,
440 3152 478 3192 ne
497 3139 618 3209 populus
633 3135 781 3193 Romanus
800 3137 839 3191 ab
858 3135 915 3192 isto
935 3152 985 3192 ear

106 3303 892 3424 dimnmtnttunm
900 3305 984 3358 lli

140 3449 168 3482 '¹⁸
182 3441 365 3505 mauron]
389 3440 726 3500 Eliielliocorrigitlnrnbinua
742 3456 789 3490 nora
802 3442 901 3490 larrirdut.
927 3401 989 3492 Vni-¹

107 3499 984 3616 ffltvunnerbpm-aobibebatquomodairdidmdiaiethmlraxioe
