2460 4200
304 378 307 385 ,
365 338 437 390 scr.
454 339 484 388 n.
499 335 597 388 urana
614 337 762 388 ruamus.
971 341 1009 402 18

146 485 271 561 ingenio
282 487 390 563 aliquid
401 493 547 546 assecutus
561 485 617 544 es?
637 491 680 544 tot
694 486 824 544 homines
834 483 1011 561 sapientissi-

147 603 209 645 mos
224 588 445 655 etelerissinscs‚
456 587 504 662 qui
518 587 599 645 lllarn
612 586 793 659 provinciam
806 591 874 643 ante
888 593 917 643 te
932 591 1011 645 tenu·

149 691 242 753 erunt,
265 687 418 759 prudentie
439 685 619 760 consilioque
643 681 762 743 vicisti?
790 684 841 740 Est
862 689 950 752 tuum,
966 689 1012 742 est

144 783 256 857 ingenii
269 785 496 859 diligentiaeque
510 787 586 841 tuae.
628 785 677 842 Do
691 785 746 840 hoc
761 783 814 840 tibi
828 788 858 840 et
870 784 1010 840 concedo.

142 882 215 950 scio,
228 888 258 940 te
273 884 393 951 Romae,
407 900 475 941 curn
496 889 610 957 praetor
621 896 708 949 esses,
722 881 820 939 edicto
841 885 890 938 luo
904 897 1012 954 posses·

141 980 239 1038 siones
259 983 450 1039 hereditatum
462 979 511 1038 “a
526 982 585 1039 suis
598 983 635 1038 ad
648 981 796 1048 alienum
814 980 913 1054 primis
931 983 1012 1037 liere-

141 1079 226 1137 diuus
241 1079 278 1137 sd
287 1080 442 1143 secundos,
456 1097 474 1136 a
489 1079 601 1153 legibus
615 1082 651 1136 ad
666 1079 816 1137 libidinem
831 1083 909 1136 tuam
923 1085 1013 1136 truns·
1049 1085 1052 1091 '

145 1176 256 1234 tulisse.
277 1177 349 1243 scio,
363 1181 393 1232 te
406 1161 504 1234 edicte
517 1179 691 1250 superiorum
701 1177 829 1235 omnium
842 1179 1012 1246 correxisse,

146 1278 178 1332 et
200 1275 395 1346 possessiones
418 1276 609 1332 hereditatum
630 1294 688 1330 non
710 1277 867 1332 secundum
884 1293 944 1341 eos,
963 1275 1013 1349 qui

144 1372 313 1446 proferrent,
327 1373 378 1428 sed
398 1374 557 1429 secundum
571 1389 630 1439 eos,
651 1371 700 1445 qni
713 1373 847 1428 dicerent
859 1378 1013 1430 testamen·

145 1475 206 1529 turn
221 1472 336 1539 lactum,
349 1471 482 1528 dedisse:
502 1489 607 1544 easque
622 1489 666 1527 res
682 1485 773 1527 novas
783 1472 834 1525 abs
845 1474 874 1526 te
886 1474 1010 1543 prolutas

146 1577 177 1627 et
186 1572 326 1629 inventes
339 1587 443 1644 magno
457 1569 511 1628 tibi
525 1569 656 1644 quaestui
677 1568 764 1626 luisse
777 1569 855 1625 scio:
877 1571 1013 1627 eundem·
1066 1593 1079 1618 ι

148 1686 204 1743 que
219 1675 248 1724 te
263 1667 384 1724 memini
404 1667 552 1724 censorias
565 1684 678 1740 quoque
696 1669 775 1740 leges
788 1667 820 1723 in
833 1667 916 1723 sertis
927 1669 1013 1726 tectis

150 1767 304 1838 exigendis
317 1767 419 1820 toliere
430 1773 460 1820 et
474 1769 669 1822 commutare:
690 1781 727 1819 ne
741 1763 936 1831 isredimeret‚
947 1767 1015 1838 cuja

147 1880 194 1920 res
207 1867 302 1919 esset:
317 1880 354 1918 ue
369 1862 478 1935 pupillo
491 1867 598 1918 tutores
607 1860 813 1934 propinquique
821 1863 1014 1931 consulerent,

148 1977 206 2036 quo
229 1960 322 2017 minus
346 1959 467 2016 fortunis
494 1960 626 2016 omnihus
650 1963 848 2015 everteretur:
877 1959 1015 2033 exiguam

149 2059 228 2116 diem
249 2057 402 2131 praefinire
425 2057 516 2131 operi,
536 2075 592 2132 quo
611 2064 723 2114 ceteros
738 2058 775 2113 ab
788 2057 905 2130 negotio
915 2060 1013 2115 esclu-

148 2158 241 2224 deres,
254 2155 274 2188 ¹⁵
281 2158 344 2229 ipse
365 2156 397 2214 in
423 2160 472 2213 tuo
489 2156 668 2229 redemptore
690 2157 799 2212 nullam
812 2160 921 2212 certum
935 2155 1014 2212 diem

146 2256 325 2312 observares.
366 2254 559 2324 Quemobrem
575 2270 681 2310 novam
694 2255 789 2326 legem
803 2259 831 2310 te
841 2254 871 2310 in
884 2253 1015 2310 decumis

148 2352 283 2410 statuisse
297 2369 354 2408 non
369 2351 464 2419 miror,
480 2353 628 2408 hominem
641 2351 673 2408 in
691 2351 795 2408 edictis
809 2350 968 2424 praetoriis,
981 2351 1014 2410 in

147 2449 287 2508 censoriis
312 2449 421 2523 legibus
442 2450 503 2506 lans
525 2451 703 2523 prodentem,
723 2453 783 2507 tum
803 2450 1012 2508 exercitulum:

146 2563 217 2615 non,
230 2549 356 2622 inquam,
371 2547 467 2615 miror,
481 2553 510 2604 te
524 2546 632 2622 aliquid
646 2547 844 2621 excogitasse:
863 2548 924 2614 sed,
937 2548 1014 2621 qnod

146 2652 197 2704 tua
209 2655 322 2720 sponte,
344 2646 454 2718 injussu
477 2636 674 2718 populi'sine
694 2651 810 2702 senatus
832 2645 1013 2714 auctoritate,

142 2744 211 2824 jure
233 2743 413 2816 provinciae
428 2742 550 2798 Siciliae
573 2742 702 2808 muteris,
723 2741 752 2797 id
775 2743 961 2814 reprehendo,
980 2743 1012 2801 id

148 2856 266 2900 accuso.
305 2837 481 2896 homerio
497 2843 527 2896 et
541 2837 577 2897 0.
593 2839 698 2898 Cottae
716 2838 880 2896 consulibus
894 2849 1010 2900 senatus

175 2994 197 3028 ¹⁴
207 3009 221 3039 o
230 2991 342 3040 literisod
351 2991 440 3039 alienos.
469 2992 527 3039 Edd.
538 3007 571 3052 pr.
583 3007 627 3040 non
637 2991 719 3040 hebent
727 3009 742 3038 u
751 2993 833 3050 uteris,
855 2995 899 3041 uod
908 2995 1009 3042 additrrm

144 3052 270 3100 esteMss.
280 3051 433 3112 quibusdama
499 3051 521 3096 b.
533 3057 557 3096 et
566 3051 621 3098 aliis.
651 3053 698 3098 Me.
709 3053 756 3098 Pal.
769 3062 843 3098 autern
870 3053 1007 3099 abetarus‘e.

146 3111 207 3162 Quia
223 3112 318 3171 inseqq.
332 3116 367 3156 est
384 3111 411 3156 ob
427 3109 1010 3169 teeprs'masseeundoeaugsuoaalittdtm

145 3181 200 3216 sane
209 3169 245 3216 laic
253 3169 321 3214 etism
328 3168 396 3215 debet
404 3182 458 3224 esse,
467 3168 527 3214 unde
537 3169 687 3215 transferatur.
718 3170 762 3215 Sed
769 3184 783 3213 o
792 3170 839 3216 esdr
849 3170 916 3228 magis
926 3171 1008 3232 placet,

145 3228 199 3290 quia
208 3227 329 3274 annuntius
336 3228 453 3287 respondet
460 3227 553 3273 alienis:
569 3227 593 3272 id
602 3226 671 3272 etiam
679 3228 818 3290 praelerebat
826 3227 941 3276 Gruterus.

177 3307 198 3342 ¹⁵
211 3307 256 3364 lpse
264 3306 291 3352 irs
299 3306 484 3366 lucrementum]
510 3305 664 3352 Hotomannus
673 3306 726 3352 addi
735 3305 784 3351 vult
792 3309 904 3364 euusr‘psa
920 3309 978 3357 bene
986 3311 1009 3358 in

146 3365 238 3424 vulgata
247 3365 368 3425 scripture:
388 3365 428 3411 sed
444 3364 462 3410 si
477 3379 505 3410 ex
520 3365 571 3410 edd.
586 3379 619 3424 pr.
636 3368 689 3409 ente
698 3364 811 3420 scribetur,
820 3380 862 3424 quo
871 3372 955 3424 eeteros,
966 3383 1009 3414 non

174 3424 179 3434 '
238 3439 270 3480 us,
288 3429 355 3483 atque
372 3423 394 3469 id
412 3437 451 3469 uos
467 3421 623 3470 securisumus.
640 3423 865 3483 nonprarcediteum
874 3426 1009 3487 dirusquod
1036 3437 1038 3442 ·

140 3429 306 3544 ἲςῖιίᾍῦοκῑ
313 3497 365 3544 qao,
374 3481 414 3530 sed
422 3481 527 3541 erigones
534 3481 600 3539 diurn,
606 3481 666 3539 csq'us
673 3482 782 3531 rationem
788 3483 890 3544 reddens,
896 3483 951 3533 dicit
958 3498 1000 3546 quo

182 3580 254 3622 von.
274 3580 303 3620 v.
560 3565 579 3618 2
