2438 4206
389 313 461 364 ACT.
477 313 508 364 ii.
523 309 622 363 urm
635 307 785 362 mritis.
981 309 1023 374 18

152 457 415 536 iuquitpaeumia.
459 457 1025 540 Siegosctmatcrtotiesdsreeadem

152 558 290 629 dicerem,
305 579 428 632 vererer,
442 581 479 620 ne
493 563 607 620 animos
621 567 733 620 vestros
750 561 934 627 offenderem,
947 556 1026 632 judi·

154 673 221 716 ces:
242 662 349 720 clamat
363 661 519 720 Metellus:
539 679 605 719 susi
619 677 772 721 carram
787 675 943 718 ursusseu.
965 674 1026 716 nou

153 763 199 817 eet
208 761 287 819 satis.
300 777 366 820 ruer
382 779 541 820 recreares
553 777 807 821 cosrrausssuu.
819 775 857 817 ne
866 757 898 816 id
910 758 1026 832 quidem

152 859 223 918 satis
249 865 304 918 est
339 879 508 930 actiacos,
536 861 640 937 inquit,
670 875 843 920 aurosus.
877 852 1026 931 reliquos?

152 971 242 1032 prope
256 960 369 1032 lugubri
383 963 475 1018 verbo
494 961 692 1019 calamitatem
712 957 884 1034 provinciae
905 955 1027 1014 Siciliae

153 1056 311 1130 significat.
332 1057 423 1124 addit,
443 1076 614 1117 aaaroauss
636 1076 802 1117 rensuum.
847 1057 1026 1129 Exspectate
1036 1047 1078 1106 55

157 1154 257 1220 etiam,
275 1153 402 1228 judices,
427 1163 597 1230 exspectate
621 1159 646 1215 si
673 1157 803 1231 potestis,
824 1154 1027 1213 auctoritatem

157 1253 355 1310 accusationis
369 1271 461 1314 meae.
482 1255 550 1312 dico
570 1262 695 1313 aratores
715 1256 799 1313 istius
815 1253 939 1310 avaritia
951 1252 1028 1326 ejec-

156 1354 217 1408 tos:
237 1350 339 1408 scribit
354 1352 502 1420 Meteilus,
516 1353 640 1428 retiquos
653 1355 690 1410 ab
711 1371 744 1410 se
758 1370 822 1409 esse
835 1352 1026 1410 confirmatos.

152 1447 222 1506 dico
235 1467 318 1524 agros
334 1450 460 1518 relictos,
471 1452 672 1526 arationesque
685 1453 816 1508 desertas
825 1467 906 1508 esse:
926 1449 1028 1508 scribit

155 1546 297 1606 Metelius
311 1556 455 1608 eratenim
475 1568 539 1607 esse
559 1550 736 1624 paenuriam.
758 1551 814 1608 boc
834 1566 902 1607 cum
916 1549 1027 1618 scribit,

155 1646 229 1704 iilud
242 1649 378 1716 ostendit,
398 1649 537 1722 dejectos,
550 1649 669 1721 eiectos,
682 1649 804 1707 fortunis
823 1649 957 1705 omnibus
975 1665 1026 1706 ex·

155 1748 252 1820 pulsos
270 1765 334 1804 csse
349 1747 449 1821 popuii
470 1749 596 1804 Romani
608 1748 704 1805 socios
726 1752 814 1820 atque
827 1745 945 1802 amicoa
966 1745 1026 1818 qui-

155 1844 209 1902 bus
222 1843 248 1902 si
262 1861 319 1920 qua
332 1845 484 1902 calamitas
498 1851 613 1918 propter
626 1845 722 1912 istum,
733 1843 823 1902 salvis
834 1841 1027 1916 vectigalibus

155 1943 272 2012 uostris,
284 1941 452 2010 accidisset,
470 1942 701 2000 animadvertero
721 1942 754 1999 io
768 1957 835 2000 eum
848 1959 902 1999 vos
914 1946 1027 2015 oporte·

154 2042 220 2099 bat:
241 2040 1026 2118 praesertimcumsalegejudicaretis,quaesocicrum

153 2156 242 2200 cauea
255 2146 332 2198 esset
346 2141 525 2199 constituta:
545 2159 613 2202 cum
626 2159 697 2200 vero
716 2141 837 2216 perditis
857 2141 1025 2216 profligatis·

155 2257 210 2315 que
224 2239 322 2310 sociis,
335 2240 495 2315 vectigalia
515 2241 614 2314 popuii
637 2241 763 2298 Romani
783 2239 843 2298 sint
859 2239 1025 2310 deminutas

154 2355 201 2396 res
214 2338 408 2406 frumentaria,
422 2343 610 2407 commeatus,
623 2339 736 2413 copiae,
750 2341 827 2397 satus
847 2337 925 2396 urbis
938 2343 1024 2414 atque

153 2437 335 2496 exercituum
347 2443 507 2495 nostrorum
520 2437 552 2494 in
572 2438 772 2512 posteritatem
793 2437 877 2496 istius
898 2436 1026 2496 avaritia

153 2535 315 2594 interierit:
336 2539 440 2598 saltem
453 2537 606 2595 commoda
625 2538 724 2611 populi
738 2537 864 2596 Romani
877 2537 1025 2612 respicite,

153 2633 180 2693 si
193 2635 281 2692 sociis
294 2633 470 2694 fidelissimis
483 2635 648 2708 prospicere
659 2652 717 2694 uon
727 2636 874 2694 laboratis.
915 2637 1024 2710 Atque,

155 2737 190 2790 ut
200 2731 381 2820 intelligatis,
393 2736 430 2791 ab
440 2733 506 2800 isto,
518 2749 586 2806 prae
599 2734 687 2800 lucro,
698 2734 860 2808 praedaque
869 2731 1025 2806 praesenti,

157 2847 216 2888 uec
230 2829 429 2903 vectigalium,
442 2847 498 2888 nec
520 2829 696 2904 posteritatis
717 2831 845 2890 habitam
862 2849 926 2889 esse
939 2830 1025 2890 ratio·

38 2925 45 2934 ’
152 2945 240 2987 neme
260 2928 437 3004 cognoscite,
449 2929 516 3004 quid
526 2930 565 2986 ad
578 2934 739 2988 extremum
752 2929 859 2989 scribat
873 2931 1021 2990 Metellus.

151 3045 185 3086 ur
206 3045 369 3093 uuuroouu
389 3043 511 3086 raucos
531 3047 758 3088 vecrrosmeue
779 3048 942 3089 saosruxr.
982 3031 1020 3088 lu

151 3127 293 3202 reliquum
306 3131 417 3202 tempus
431 3128 474 3186 ait
492 3145 525 3186 se
543 3129 736 3202 vectigalibus
750 3129 940 3204 prospexisse.
961 3145 1022 3187 nou

151 3226 300 3295 scriberet,
313 3243 346 3284 se
359 3227 552 3302 vectigalibus
573 3226 765 3299 prospexisse,
778 3227 835 3285 uisi
859 3228 915 3283 boc
930 3229 1023 3284 vellet

150 3325 314 3393 ostendere,
328 3329 357 3382 te
370 3325 529 3400 vectigalia
550 3323 718 3400 perdidisse.
760 3325 838 3398 Quid
856 3324 936 3383 enim
949 3327 1021 3394 erat,

152 3424 228 3497 quod
242 3421 434 3498 vectigalibus
447 3421 627 3498 prospiceret
641 3423 779 3482 Metellus
792 3425 823 3482 in
837 3423 976 3492 decumis,
990 3427 1021 3480 et

150 3518 183 3578 in
197 3526 258 3579 tota
274 3540 306 3580 re
328 3521 522 3594 frumentaria,
535 3523 561 3581 si
580 3522 637 3582 iste
658 3541 718 3583 nou
739 3522 898 3603 vectigalia
918 3519 1020 3598 populi
1092 3550 1094 3554 .

192 3637 262 3678 vso.
277 3639 307 3680 r.
573 3626 589 3678 7
