2460 4200
306 378 309 384 .
367 337 439 390 scr.
456 338 486 387 u.
501 335 599 387 ursus
616 337 764 388 suerrus.
973 341 1011 402 18

147 485 274 560 Ingenio
285 485 392 562 uliquid
403 493 549 545 essecutus
563 505 595 544 es
606 484 619 544 i
639 491 682 543 tot
696 485 826 543 homines
836 483 1012 560 sapientissi-

148 602 212 644 mos
226 593 258 643 et
265 587 447 654 clarissimos,
458 586 506 661 qui
520 587 601 644 iilum
615 585 795 660 provinciam
808 589 876 642 onte
890 591 919 641 te
933 590 1012 643 tenu-

150 689 244 752 erunt,
267 685 420 758 prudentis
442 685 621 760 consilioque
645 681 764 743 vicisti?
792 683 843 739 Est
864 687 952 750 tuum,
968 687 1014 741 est

144 783 258 857 ingenii
271 784 498 858 diligentiaeque
511 788 588 841 tuso.
630 785 679 842 Do
693 785 748 840 hoc
763 781 816 839 tibi
830 787 860 839 et
872 783 1013 839 concedo.

143 881 217 949 scio,
230 888 260 939 te
275 883 396 950 Romae,
410 899 477 940 cum
497 888 612 955 praetor
623 897 710 949 esses,
724 881 822 939 edicto
843 885 892 938 tuo
906 897 1014 954 posses·

143 980 241 1038 siones
261 982 452 1038 hereditatum
464 979 513 1037 ¹⁴s
529 981 587 1039 suis
601 981 637 1038 od
650 981 798 1048 elienses
816 980 915 1053 primis
933 983 1014 1038 bere·

142 1078 229 1136 dibus
243 1079 280 1137 od
290 1079 445 1142 secundos,
459 1097 477 1134 u
491 1080 603 1153 legibus
617 1081 654 1136 nd
668 1079 818 1136 libidinem
833 1083 910 1136 tuem
924 1082 1014 1136 truns-

147 1176 259 1234 tulisse.
280 1177 352 1242 scio,
366 1181 396 1231 te
409 1177 507 1233 edictu
520 1179 694 1250 superiorum
704 1175 831 1236 omnium
844 1179 1014 1246 consuisse,

148 1277 180 1331 et
202 1273 398 1346 possessiones
422 1275 612 1332 hereditatum
633 1293 691 1331 non
712 1277 869 1331 secundum
886 1293 946 1340 eos,
964 1274 1015 1349 qui

146 1371 315 1446 proferrent,
328 1373 381 1428 sed
401 1373 560 1428 secuudum
574 1389 633 1438 eos,
654 1371 702 1444 qui
716 1373 849 1428 dicerent
861 1377 1015 1428 testamen·

147 1475 209 1528 turn
223 1471 338 1539 iactum,
351 1471 484 1528 dedisse:
504 1488 610 1544 eosque
624 1487 668 1526 res
684 1485 775 1526 novus
785 1471 836 1524 ebs
846 1475 876 1525 te
888 1473 1012 1542 prolutas

147 1575 179 1627 et
189 1571 327 1628 inventus
341 1587 446 1644 magno
460 1569 514 1627 tibi
528 1569 659 1643 quaestui
679 1567 765 1625 inisse
779 1568 857 1624 scio:
879 1570 1015 1626 eundem·
1068 1593 1080 1616 ι

151 1686 206 1743 que
221 1674 250 1724 te
265 1668 386 1724 memini
406 1667 555 1724 censorius
568 1682 679 1739 quoque
699 1667 777 1739 leges
789 1665 821 1722 in
835 1666 918 1722 sertis
929 1667 1015 1725 tectis

151 1767 306 1838 exigendis
319 1767 421 1820 toliere
433 1773 463 1820 et
476 1767 671 1820 commutare:
692 1779 729 1818 ne
743 1762 769 1817 is
777 1763 938 1829 redimeret,
948 1764 1017 1836 oujrr

149 1880 196 1920 res
210 1867 304 1919 esset:
319 1879 357 1918 ne
372 1861 480 1934 pupilio
494 1865 601 1917 tutores
610 1858 816 1933 propinquique
824 1862 1016 1929 consulerent,

150 1978 208 2036 quo
231 1960 325 2017 minus
349 1958 470 2015 fortunis
495 1958 628 2015 omnibus
652 1962 851 2015 everteretur:
879 1957 1017 2031 exiguum

151 2059 230 2116 diem
252 2057 404 2131 praefinire
427 2055 517 2129 operi,
538 2073 595 2130 quo
613 2063 725 2113 ceteros
739 2057 777 2112 ob
790 2055 1015 2129 negotioexciu·

150 2157 243 2223 denes,
256 2155 345 2229 ¹⁵ipse
368 2155 399 2213 in
424 2161 475 2211 tuo
491 2155 671 2228 redemptore
692 2155 802 2212 nullom
815 2159 923 2210 certum
937 2155 1016 2211 diem

148 2256 327 2312 observares.
368 2254 562 2324 Quamobrem
577 2269 683 2310 novum
696 2254 791 2325 legem
805 2257 834 2310 te
843 2253 873 2309 in
886 2252 1017 2310 decumis

150 2352 285 2410 statuisse
298 2368 356 2408 uon
371 2351 467 2419 miror,
482 2352 630 2408 hominem
643 2351 675 2408 in
693 2351 797 2408 edictis
811 2350 970 2424 praetoriis,
983 2351 1016 2408 in

148 2449 289 2508 censoriis
314 2449 423 2523 iegibus
444 2449 505 2506 tsm'
528 2451 705 2523 prudentem,
726 2455 785 2505 tam
805 2449 1014 2507 exercitatum:

148 2564 219 2615 non,
232 2549 358 2622 inquam,
373 2547 469 2614 miror,
483 2551 513 2604 te
527 2547 635 2621 aliquid
648 2545 846 2620 excogitasse:
865 2547 926 2613 sed,
939 2547 1016 2620 quod

147 2652 198 2704 tun
211 2655 324 2720 sponte,
346 2645 456 2718 injussu
480 2645 587 2717 populi,
610 2644 675 2700 sine
696 2649 812 2700 senatus
834 2645 1015 2713 auctoritate,

143 2744 213 2824 jure
235 2743 405 2815 provinciae
431 2741 553 2797 Siciliae
576 2740 704 2806 muteris,
724 2739 755 2795 id
778 2741 964 2813 reprebendo,
983 2741 1014 2800 id

149 2857 268 2899 accuso.
307 2840 343 2896 1..
357 2837 484 2895 Octavio
500 2841 530 2894 et
544 2836 579 2896 O.
595 2837 701 2896 Cottae
718 2837 883 2896 consulibus
896 2847 1012 2898 senatus

177 2993 199 3027 ¹⁴
209 3007 223 3038 u
233 2990 344 3038 liberiensi
353 2991 442 3038 omnus.
472 2991 530 3038 Edd.
541 3006 573 3051 pr.
585 3006 628 3038 non
638 2991 721 3038 hubent
730 3006 744 3036 u
753 2992 835 3049 itteris,
858 2993 902 3040 uod
911 2993 1012 3041 additum

147 3050 436 3111 eremoqubrodama
502 3050 524 3095 b.
535 3049 622 3097 etaliis.
653 3051 700 3096 Ms.
711 3051 759 3096 Pul.
771 3060 846 3098 autem
872 3052 1010 3098 nbeturur'r.

149 3109 209 3162 Quin
226 3110 369 3170 inseqq.,est
386 3111 414 3156 ub
430 3109 1012 3168 ter.pstmbaumndo‚ategumautioiusmm,

148 3181 203 3216 sune
212 3167 323 3215 bisetium
331 3167 399 3214 debet
407 3181 461 3224 esse,
470 3167 530 3214 undu
539 3167 689 3214 ueneremur.
720 3167 785 3213 Sedu
795 3168 841 3214 suis
851 3168 919 3226 msps
928 3169 1010 3230 placet,

148 3227 202 3290 quin
210 3226 332 3274 sccnrntius
339 3227 456 3287 respondet
463 3225 555 3272 alienis:
571 3226 594 3270 id
604 3225 672 3272 etism
681 3226 820 3288 praeferebat
829 3225 943 3274 Gruterus.

179 3307 200 3340 ¹⁵
214 3306 293 3364 ipsein
302 3305 487 3365 mordendum]
513 3303 666 3351 Hotomenrrus
675 3305 728 3350 eddi
737 3303 786 3350 vult
794 3306 906 3362 mmsipre.
923 3307 980 3355 bene
989 3309 1012 3356 in

149 3365 241 3424 vulgatu
250 3364 370 3424 scripturos
391 3364 431 3410 seu
447 3363 465 3410 si
480 3377 507 3409 ex
522 3363 572 3407 edd.
588 3377 621 3422 pr.
639 3362 813 3418 antescribntur,
823 3378 864 3422 quo
874 3370 957 3422 cunm,
969 3381 1012 3414 non

149 3423 195 3470 erit
211 3437 226 3470 o
240 3438 273 3478 us,
291 3428 358 3482 atque
375 3422 397 3468 id
415 3436 454 3468 nos
470 3420 625 3467 securisumus.
642 3435 686 3467 non
695 3421 867 3482 prnrceditcum
876 3424 941 3476 diem.
952 3426 1012 3486 quod
1038 3437 1040 3441 ·

145 3481 208 3543 sequi
216 3439 784 3542 ‹seberetqsosedreiguomdirmsu'prsrstionesn
791 3481 1003 3545 reddeuedieitpuo
