2486 4212
371 331 441 390 lot.
457 337 489 388 ll.
503 335 777 391 marculiscus.
957 341 1014 402 ltl

156 481 338 556 gravissime.
357 487 514 559 producens
531 490 664 544 ceteros:
688 485 861 553 reticebunt,
874 497 947 559 quae
970 497 1021 555 po·

153 584 261 656 terunt,
280 584 421 648 libenter:
441 585 552 655 licent,
574 601 648 662 quse
671 599 794 644 necesse
811 582 877 651 erit,
889 577 1020 656 ingratis.

157 686 276 760 Negent
298 685 347 744 isti
366 686 527 744 onerariam
547 703 655 746 navem
668 691 826 746 maximum
838 679 1022 744 rotumum

155 801 220 843 esse
244 783 421 844 Messanae?
440 791 560 862 negent,
578 785 604 842 si
629 786 749 860 possint.
771 787 880 860 negent
898 783 928 841 ei
948 780 1020 843 navi

154 883 307 942 faciundae
317 889 481 942 senatorem
496 883 701 943 Mamertinum
715 883 831 958 publice
843 878 1020 956 praefuisse!

154 980 266 1040 utinam
279 985 408 1056 negent!
429 982 505 1040 Sunt
515 981 603 1040 etiam
613 989 720 1050 ceters,
729 999 803 1058 quae
817 983 895 1040 malo
908 982 1021 1054 integra

155 1097 316 1147 reservare,
328 1083 360 1136 ut
372 1095 458 1153 quam
472 1079 621 1138 minimum
632 1081 671 1138 sit
683 1080 742 1140 illis
756 1079 893 1154 temporis
911 1080 947 1136 sel
962 1095 1021 1136 me·

156 1176 308 1234 ditandum
337 1175 620 1250 confirmandumque
645 1178 808 1252 perjurium.
862 1178 946 1235 Haec
966 1173 1020 1234 tibi

156 1274 287 1332 laudatio
300 1275 439 1347 procedat
459 1273 491 1331 in
511 1291 671 1332 numerum.
690 1275 722 1331 lri
734 1280 765 1333 te
779 1276 911 1334 homines
923 1277 1020 1332 unctu·

156 1372 244 1431 ritate
261 1391 313 1430 sua
328 1375 505 1430 sublevent:
525 1373 574 1448 qui
596 1378 626 1429 te
646 1390 740 1447 neque
752 1373 860 1429 debent
873 1371 1021 1446 adjuvare.

156 1469 183 1530 si
197 1473 322 1544 possint:
347 1489 441 1546 neque
455 1476 583 1544 possunt,
596 1470 622 1528 si
637 1471 749 1528 velint:
769 1469 870 1545 quibus
884 1475 915 1528 tu
928 1467 1022 1541 privo·

155 1570 210 1628 tim
223 1569 343 1644 injurios
356 1570 493 1643 plurimas
506 1570 754 1643 contumeliaeque
767 1567 944 1642 imposuisti:
964 1581 1022 1640 qno

156 1667 189 1724 in
202 1667 308 1740 oppido
328 1671 434 1726 multas
449 1669 573 1726 ismilias
585 1669 800 1741 inperpetuum
822 1667 943 1724 infames
963 1664 1020 1722 tuis

156 1765 263 1837 stupris
285 1765 458 1840 flagitiisque
482 1765 588 1822 iecisti.
630 1768 674 1823 At
685 1765 802 1837 publice
821 1763 1020 1822 commodasti.

158 1863 231 1920 Non
250 1863 314 1921 sine
338 1880 444 1936 magno
465 1864 580 1937 quidem
602 1861 778 1935 reipublicae
797 1861 1023 1935 provinciaeque

158 1960 281 2020 Siciliae
294 1961 477 2018 detrimento.
520 1959 628 2018 Tritici
643 1957 770 2016 modium
784 1977 826 2017 nx
840 1959 933 2018 millia
945 1963 1024 2018 emta

157 2061 264 2130 populo
285 2059 419 2112 Romano
440 2058 510 2109 dore
530 2058 685 2119 debebant,
705 2062 736 2110 et
756 2056 897 2110 solebant.
921 2056 972 2113 abs
992 2061 1023 2116 ts

156 2155 219 2211 solo
242 2152 393 2210 remissum
415 2154 469 2206 est.
510 2150 686 2224 Respublica
713 2151 919 2210 detrimentum
942 2155 1022 2225 lecit,

156 2251 231 2324 quod
246 2267 296 2322 per
315 2254 345 2305 te
366 2247 481 2318 imperii
495 2246 544 2318 jus
564 2265 622 2303 uua
642 2248 673 2304 in
693 2247 817 2306 civitate
839 2249 1023 2310 imminutum

157 2353 219 2406 est:
241 2346 343 2412 Siculi,
356 2345 432 2418 quotl
444 2345 499 2400 hoc
515 2361 572 2402 non
586 2346 622 2400 tle
635 2361 747 2401 summa
765 2345 900 2402 frumenti
912 2331 1023 2406 delmo-

157 2449 221 2502 tum
234 2449 288 2509 est,
301 2443 352 2498 sed
365 2443 534 2498 tiunslatum
549 2441 579 2497 in
591 2441 798 2514 Centuripinos
812 2447 843 2498 et
856 2443 1022 2512 liutesinos,

159 2540 301 2599 immunes
314 2541 433 2613 populos
444 2559 451 2595 τ
472 2544 503 2595 et
517 2541 572 2596 hoc
585 2541 649 2612 plus
662 2540 838 2611 impositum,
851 2557 937 2614 quam
949 2543 1023 2600 ierne

156 2643 284 2713 possent.
325 2639 353 2694 N
357 2655 442 2694 suem
464 2636 607 2708 imperare
627 2655 666 2692 ex
686 2637 801 2694 loedere
820 2637 955 2696 delusisti.
980 2657 1023 2698 rc·

159 2733 264 2795 misisti
283 2734 315 2791 in
339 2734 505 2790 triennium.
527 2733 652 2789 militem
665 2734 775 2790 nullum
791 2749 925 2807 umquem
937 2749 1024 2808 popo·

159 2830 243 2890 scisti
254 2847 304 2903 per
314 2835 358 2886 tot
370 2846 472 2886 annos.
485 2828 582 2886 fecisti
594 2829 674 2897 item,
683 2829 726 2886 uti
738 2831 897 2902 praedones
910 2834 1021 2891 colente

157 2928 208 3006 qui
221 2944 288 2985 cum
300 2942 467 2984 communes
477 2926 575 2984 trustes
587 2927 646 2984 sint
659 2927 795 2995 omnium,
804 2934 900 2987 tamen
911 2929 1022 3005 sliquos

157 3026 215 3086 sihi
236 3025 391 3082 instituunt
412 3023 530 3090 unicos,
544 3024 645 3098 quibus
660 3042 718 3082 non
731 3028 817 3084 modo
831 3035 958 3100 parcent,
972 3047 1022 3087 ve·

156 3141 220 3184 rum
240 3122 331 3180 etiam
349 3123 538 3196 praecoquos
563 3128 696 3196 augeant,
709 3130 740 3180 et
753 3141 803 3181 eos
823 3125 959 3192 maxime,
971 3127 1022 3199 qui

157 3223 267 3280 habeut
278 3219 415 3293 oppidum
425 3226 585 3292 opportuno
600 3222 674 3284 loco,
687 3237 744 3293 quo
757 3237 844 3292 sospe
858 3222 1021 3280 adeundum

157 3318 195 3378 eit
207 3318 341 3384 navibus,
353 3332 565 3391 nonnumquam
573 3315 663 3373 etiam
674 3315 848 3372 posessorio.
888 3317 1020 3378 Phaselis
1035 3337 1072 3396 10

155 3418 218 3484 illa,
236 3433 321 3491 quom
345 3413 425 3488 cepit
451 3415 485 3472 P.
501 3413 655 3480 Servilius,
678 3431 735 3470 nou
755 3413 846 3470 luerat
865 3415 931 3472 urhe
951 3423 1020 3477 unte

158 3514 285 3574 Cilicum
298 3519 383 3587 etque
406 3513 602 3587 praedonum:
624 3503 712 3585 Lycii
733 3510 823 3579 illum,
846 3511 955 3572 Graeci
972 3518 1021 3573 lro·

155 3611 260 3682 mines,
270 3611 446 3706 incolebant.
466 3612 519 3672 ned
531 3610 609 3688 quod
621 3615 684 3672 erut
693 3609 833 3685 ejusmodi
847 3613 920 3679 loco,
934 3615 1020 3688 utque
