2428 4212
199 300 263 360 254
542 293 734 346 ruvnnann

198 443 276 504 disse
286 461 318 502 se
331 441 461 516 diceret;
481 462 548 504 cum
561 463 671 512 omnes,
685 448 717 501 ut
730 459 791 501 mos
805 445 901 510 estut
914 441 990 498 solet
1001 437 1074 506 fieri,

198 547 412 612 concurrerent,
429 542 607 619 quaererent,
620 543 720 603 videre
740 545 890 618 cuperent.
932 537 1011 612 Quid
1025 555 1071 596 ac·

199 641 280 712 cidit,
292 659 344 700 cur
356 647 507 716 tantopere
524 643 579 700 iste
593 643 678 699 homo
690 643 893 708 occultaretur,
905 642 938 695 ut
950 655 1016 694 eum
1031 653 1070 692 ne

186 739 269 802 essu
292 741 409 818 quidem
431 741 579 816 quisquam
599 739 747 814 adspicere
760 735 880 812 posset?
898 736 1071 794 ⁰⁵Homines

200 839 336 900 maritimi
351 842 513 914 Syracusis,
527 841 575 916 qui
588 857 675 914 saepe
698 838 782 896 istius
804 837 887 895 ducis
901 855 1002 894 nomen
1016 853 1068 892 aa·

200 920 320 1007 dissent,
330 956 397 996 cum
410 956 476 996 eum
489 956 576 1013 saepe
596 937 770 1006 timuissent,
784 955 851 995 cum
865 937 926 1010 ejus
939 935 1071 992 cruciatu

199 1041 285 1112 atque
298 1037 440 1110 supplicio
453 1055 572 1111 pascere
585 1039 695 1105 oculos,
708 1035 891 1112 animumque
901 1039 1068 1092 exsaturare

199 1137 326 1196 vellent:
347 1139 476 1210 potestas
497 1135 680 1210 adspiciendi
690 1135 801 1194 nemini
825 1135 965 1192 tactaest.
984 1134 1070 1190 Unus

198 1236 294 1308 plures
320 1235 498 1308 praedonum
531 1237 620 1293 duces
647 1234 732 1294 vivos
754 1235 834 1308 cepit
858 1235 892 1291 P.
916 1232 1068 1301 Servilius,

200 1351 286 1408 quam
305 1351 407 1392 omnes
430 1339 527 1392 antea.
548 1335 708 1410 Ecquando
721 1333 808 1408 igitur
820 1333 876 1390 isto
889 1331 983 1390 fructu
998 1331 1071 1406 quis·

200 1449 285 1508 quaro
299 1433 401 1499 carnit,
414 1437 446 1490 ut
469 1433 569 1490 videre
593 1433 715 1506 piratam
738 1436 855 1506 captum
874 1449 933 1488 non
947 1425 1071 1488 liceret?

201 1530 244 1586 At
257 1534 366 1596 contra,
383 1546 559 1604 quacumque
581 1531 638 1590 iter
656 1529 737 1600 iecit,
757 1532 813 1588 hoc
826 1529 1071 1604 jucundissimum

199 1629 397 1700 spectaculum
407 1630 540 1687 omnibus
554 1628 718 1688 vinctorum
729 1635 934 1704 captorumque
945 1626 1071 1684 bostium

199 1727 365 1799 praebebat
407 1729 508 1804 ltaque
530 1729 559 1786 ei
580 1745 735 1786 concursus
753 1727 879 1802 undique
901 1728 1021 1794 fiebant,
1041 1731 1072 1783 ut

199 1843 261 1882 nou
274 1828 360 1885 modo
383 1846 422 1885 ex
444 1829 489 1885 his
504 1828 628 1902 oppidis,
641 1843 697 1902 qua
709 1828 894 1895 ducebantur,
908 1827 960 1882 sed
982 1824 1070 1882 etiam

201 1943 239 1982 ex
259 1925 398 1993 finitimis,
412 1926 527 1984 visendi
540 1943 636 1994 causa,
649 1925 851 1982 convenirent.
892 1925 960 1998 lpse
975 1927 1070 1980 autem

200 2021 358 2094 triumphus
372 2025 556 2095 quamobrem
577 2024 706 2080 omnium
726 2023 933 2096 triumphorum
946 2021 1071 2096 gratissi·

200 2136 262 2176 mus
276 2121 382 2197 populo
400 2119 536 2177 Romano
557 2120 610 2178 luit
629 2116 715 2195 atque
733 2119 984 2195 jucundissimus?
1003 2121 1072 2196 quia

200 2215 274 2276 nihil
288 2223 333 2276 est
346 2217 471 2276 victoria
492 2221 614 2278 dulcius.
635 2222 746 2278 nullum
769 2225 814 2277 est
834 2225 931 2278 autem
946 2219 1073 2278 testimo·

200 2317 281 2376 nium
301 2317 443 2375 victoriae
468 2318 583 2386 certius,
597 2336 690 2394 quam,
714 2337 784 2393 quos
809 2337 896 2392 saepe
924 2319 1071 2385 metueris,

201 2421 295 2474 coste
315 2416 431 2473 vinctos
453 2418 489 2472 ad
514 2417 686 2490 supplicium
710 2399 779 2475 duci
802 2417 911 2474 videre.
954 2418 1022 2474 Hoc
1041 2423 1072 2474 tu

201 2515 384 2588 quamobrem
407 2531 465 2571 oon
485 2513 604 2574 iecisti?
624 2517 807 2590 quamobrem
829 2515 871 2573 ita
896 2515 952 2572 iste
979 2515 1074 2588 pirata

201 2614 311 2671 celatus
334 2617 387 2681 est,
401 2613 482 2687 quasi
496 2631 562 2670 eum
575 2611 723 2686 adspicere
738 2614 817 2671 netas
840 2611 938 2672 esset?
958 2631 1075 2688 quamo-

108 2769 112 2777 ,
201 2713 282 2770 brem
296 2713 469 2786 supplicium
492 2731 551 2770 non
573 2710 721 2770 sumsisti?
741 2730 826 2786 quam
841 2715 878 2770 ob
892 2730 1012 2769 causam
1027 2715 1076 2768 tro-

202 2810 310 2866 minem
325 2809 501 2867 reservasti?
530 2829 650 2886 ecquem
674 2811 779 2868 audisti
801 2813 832 2868 in
859 2811 963 2868 Sicilia
987 2817 1075 2868 autea

203 2911 319 2978 captum
333 2907 545 2979 archipiratam,
568 2910 620 2982 qui,
641 2929 698 2966 uon
720 2911 814 2968 securi
839 2928 989 2984 percussus
1010 2908 1076 2968 sit?

202 3019 291 3060 unum
314 3005 388 3060 cedo
410 3010 556 3062 auctorem
578 3007 620 3063 tui
641 3007 728 3066 facti:
750 3010 833 3066 unius
857 3009 953 3082 profer
976 3025 1076 3066 exem-

203 3103 291 3176 plum.
333 3103 445 3159 Vivum
467 3107 497 3159 tu
522 3104 726 3178 archipiratam
746 3111 892 3177 servabas,
914 3123 1000 3182 quem
1026 3125 1078 3180 per

203 3203 385 3276 triumphum,
399 3203 495 3270 credo,
518 3222 603 3278 quem
625 3210 694 3262 ante
711 3223 823 3263 currum
842 3210 923 3264 tuum
943 3207 1077 3263 duceres.

204 3299 307 3374 Neque
335 3301 415 3360 enim
442 3295 594 3378 quidquam
617 3309 678 3360 erat
696 3303 760 3378 jam
783 3305 932 3379 reliquum,
956 3305 1016 3361 nisi
1034 3309 1076 3372 ut,

232 3450 254 3484 ⁸⁵
267 3451 375 3498 Homines
383 3455 492 3502 nasama·
501 3456 633 3518 sarsana]
664 3457 700 3506 sie
714 3473 755 3519 pro
771 3457 903 3508 Monaertina'
936 3457 986 3506 rimi
1001 3457 1077 3528 qapile

202 3514 314 3572 sequente,
325 3509 363 3555 ubi
373 3513 433 3560 clare
442 3515 551 3562 nurits'mi
566 3516 663 3562 tornines
673 3523 730 3574 sunt,
742 3517 798 3563 bene
815 3517 905 3566 edidere
939 3532 1041 3575 ervagius
1050 3519 1080 3560 et

201 3569 322 3616 Victorius.
337 3568 368 3637 sie
378 3570 425 3618 Ma.
441 3571 514 3619 (ineis.
525 3573 599 3622 habet.
611 3581 752 3636 opponuntur
760 3577 933 3636 marearum,
951 3575 990 3638 qui
1003 3577 1077 3623 unta

200 3627 264 3676 rebus
274 3626 391 3675 maritimis
399 3629 474 3678 alieni.
