2438 4206
253 287 295 348 ⁸4
593 281 630 334 ur
643 280 788 334 vanarn

251 447 317 490 nos:
331 429 639 506 veteremjudiciornm
649 431 837 492 severitatem
848 427 1042 505 conrequiror
1055 447 1115 498 ree-

251 530 363 590 tramin
374 533 430 589 hoo
441 532 537 600 tidem,
547 533 729 608 dignitatem,
739 531 912 606 religionem
922 529 1117 604 injudicando

250 647 310 688 non
323 631 461 705 imploro:
477 632 585 690 Albam
598 632 712 690 habebo
725 631 867 704 jndicem,
880 647 947 688 eum
958 631 1112 700 hominem,

250 729 300 804 qui
317 747 348 788 se
362 747 488 788 scurram
500 729 743 804 improbissimum
757 729 919 788 existimari
935 731 1011 787 vult:
1035 730 1081 804 qui
1096 747 1114 788 a

249 830 354 887 scurris
368 831 462 903 potius
479 848 593 904 semper
606 830 756 905 gladiator,
777 847 862 905 quam
882 847 979 888 scurra
992 832 1113 903 appella·

250 933 296 985 tus
316 929 363 985 sit.
385 929 501 986 efferam
525 947 586 986 rem
609 929 749 1003 ejusmodi
773 928 804 986 in
828 928 968 995 decumis,
991 934 1024 986 ut
1038 931 1119 988 Albe·

249 1025 380 1094 fateatur,
390 1027 479 1085 istum
491 1026 523 1084 in
537 1045 567 1085 re
581 1029 775 1097 frumentaria,
790 1034 821 1085 et
833 1027 866 1086 in
880 1027 962 1086 bonis
974 1033 1113 1086 aratorum

196 1129 348 1199 63aperte
376 1128 526 1201 petamque
553 1145 617 1184 ease
645 1129 821 1202 praedatum.
881 1127 1030 1184 Decumas
1055 1127 1115 1200 agri

249 1225 390 1285 Leontini
408 1243 514 1299 magno
540 1225 613 1283 dicit
638 1243 671 1283 se
695 1225 872 1285 vendidisse.
913 1225 1037 1284 Ostendi
1052 1227 1113 1300 jam

247 1325 321 1383 illud
334 1325 428 1392 initio,
439 1342 498 1383 uon
509 1325 734 1383 existimandum
748 1342 852 1399 magno
862 1324 1030 1383 vendidisse
1041 1342 1113 1396 eum,

248 1425 297 1501 qui
311 1427 401 1481 verbo
415 1425 551 1481 decumas
565 1423 739 1491 vendiderit,
752 1442 793 1491 re,
808 1423 986 1490 conditione,
996 1428 1027 1482 et
1040 1425 1114 1498 lege,

247 1527 279 1579 et
292 1522 399 1589 edicto,
412 1527 442 1578 et
460 1522 580 1578 licentia
593 1523 826 1590 decumanorum,
844 1526 981 1582 decumas
1000 1523 1115 1581 aratori-

246 1621 299 1679 bus
313 1623 406 1678 nrdtas
420 1620 543 1695 reliquas
556 1616 668 1678 fecerit.
708 1619 807 1678 Etiam
820 1621 893 1680 illud
906 1621 1031 1690 ostendi,
1044 1638 1116 1680 ven·

246 1719 356 1779 didisse
373 1719 446 1778 aiios
469 1736 575 1792 magno
596 1719 733 1776 decumas
754 1720 817 1794 agri
837 1719 986 1787 Leontini,
1004 1724 1115 1778 cetero·

245 1835 364 1895 rumque
383 1834 529 1893 agrorum:
553 1820 584 1874 et
604 1819 670 1892 tege
694 1818 853 1877 Hieronica
874 1818 1062 1876 vendidisse:
1083 1823 1114 1876 et

245 1919 333 1994 pluris
344 1918 441 1984 etiam,
454 1933 540 1990 quam
553 1921 582 1973 te
593 1917 778 1974 vendidisse:
792 1936 849 1975 neo
861 1923 1002 1976 aratorem
1016 1935 1112 1992 quem·

244 2033 415 2092 quam'esse
437 2023 577 2088 questum.
596 2032 651 2071 nee
678 2015 757 2072 enim
784 2015 837 2074 tuit
861 2019 936 2093 quod
961 2017 1113 2092 quisquam

245 2113 326 2190 queri
343 2117 449 2186 posset,
464 2128 531 2169 cum
548 2113 614 2186 lege
635 2112 807 2186 aequissime
828 2115 937 2190 scripta
958 2116 1113 2174 venirent:

243 2230 339 2288 neque
351 2211 424 2270 iilud
437 2227 571 2286 umquam
578 2211 697 2269 aratoris
706 2212 846 2283 interfuit,
857 2213 957 2289 quanti
971 2216 1114 2274 decumae

158 2293 163 2300 ’
245 2311 388 2372 venirent.
412 2327 471 2368 non
484 2309 620 2368 enimita
640 2319 693 2379 est,
716 2314 756 2380 ut,
780 2311 806 2370 si
830 2330 936 2388 magno
954 2313 1114 2382 venierint,

243 2414 307 2487 pius
328 2415 422 2468 arator
445 2410 565 2466 debeat:
589 2409 615 2466 si
638 2425 738 2483 parvo,
759 2410 863 2470 minus.
904 2411 947 2470 Ut
967 2412 1116 2472 frumenta

243 2517 312 2571 nata
325 2516 400 2580 sunt,
418 2511 460 2568 ita
473 2512 613 2569 decumae
631 2515 770 2568 veneunt.
792 2510 911 2570 aratoris
925 2516 1024 2571 autem
1035 2512 1115 2570 inte·

242 2610 364 2679 restite
383 2627 415 2667 se
428 2609 571 2667 iumenta
588 2610 705 2679 habere,
727 2615 760 2668 ut
772 2610 911 2668 decumae
925 2627 1010 2686 quam
1024 2610 1115 2684 pluri·

241 2727 289 2769 mo
308 2709 409 2768 venire
429 2709 548 2782 possint
568 2709 636 2765 dum
655 2713 749 2766 arator
767 2725 805 2766 ne
827 2711 890 2783 pius
903 2711 1027 2768 decuma
1050 2711 1115 2778 det,

240 2808 360 2883 expedit
373 2808 402 2866 ei
415 2809 567 2866 decumam
580 2825 644 2864 esse
657 2825 744 2882 quam
756 2808 885 2867 maximi.
914 2809 1026 2867 Verum
1042 2811 1115 2879 hoc,

239 2911 272 2964 ut
285 2907 395 2981 opinor,
416 2923 479 2962 esse
494 2906 540 2962 vis
554 2910 640 2979 caput
664 2906 839 2966 detensionis
858 2912 934 2976 urae,
955 2923 1066 2984 magno
1080 2912 1114 2967 te

238 3007 375 3063 decumas
389 3003 564 3070 vendidisse,
587 3001 609 3035 ⁴⁷
618 3004 678 3076 agri
694 3022 763 3062 vero
779 3006 927 3076 Leontini,
947 3007 997 3082 qui
1018 3009 1116 3081 pluri-

238 3122 316 3164 mum
329 3102 429 3170 efficit,
441 3102 530 3160 tritici
544 3098 671 3160 modium
686 3121 776 3162 ooxvr
789 3105 925 3163 millibus.
954 3105 988 3163 Si
1002 3106 1116 3177 doceo,

236 3266 260 3308 et
267 3261 326 3308 edidi
333 3273 375 3308 rec.
386 3273 436 3307 nem
452 3258 528 3304 chace
537 3261 587 3303 suut
596 3257 664 3304 verba
674 3257 754 3315 Albae,
764 3258 862 3320 qunehic
869 3258 991 3306 necessario
1001 3274 1026 3306 re
1044 3263 1119 3308 etun·

235 3325 284 3368 tur:
304 3325 327 3366 et
343 3320 385 3365 troo
401 3274 456 3364 mitlri
472 3316 547 3364 statim
563 3315 586 3362 in
601 3321 696 3387 urentem
712 3317 780 3374 veuit,
793 3318 832 3387 ubi
849 3317 943 3379 primum
959 3318 1004 3378 legi
1021 3275 1117 3378 sscrrrn,

235 3383 353 3440 autequam
361 3378 526 3426 Hotomannum
534 3379 558 3421 et
564 3375 696 3422 lambruum
706 3391 864 3434 cognovissem.

263 3458 286 3492 ⁴⁷
352 3472 363 3502 e
376 3455 473 3501 otiorum
481 3455 569 3514 quidem
578 3469 685 3513 agrorum
694 3455 831 3510 proportione
844 3469 924 3512 magno
940 3456 1047 3504 demamus
1056 3471 1120 3504 υοπ·

232 3463 351 3576 diducti„
363 3515 428 3561 Haec
441 3528 486 3559 uon
501 3518 552 3560 sunt
563 3514 586 3561 iu
601 3513 659 3560 Mas.
676 3518 701 3558 et
714 3513 765 3560 edd.
783 3514 901 3562 veteribus.
939 3515 1071 3566 Lambini„
1084 3529 1119 3564 α

231 3575 323 3634 Codice,
333 3573 467 3634 nescioquo,
477 3571 571 3620 addidit
603 3569 685 3620 Deleri
695 3585 745 3620 orm
759 3572 863 3620 (imario.
