2438 4206
353 337 426 389 ior.
441 337 473 390 11.
489 335 750 390 mumulus.
943 344 985 406 50

119 485 288 552 struinam,
311 501 378 545 num
404 483 468 546 'se
490 491 571 546 oens
594 489 778 548 deosum
790 485 986 556 videntum

120 580 272 651 laboraret,
285 581 311 640 si
323 589 465 644 srstorem
482 588 594 646 nullum
614 586 647 644 in
662 585 765 648 sistus
777 586 896 644 omniuo
908 589 987 643 esset

121 678 279 738 relietum.
322 682 396 756 Agri
408 684 568 742 Aetnensis
580 689 611 742 et
624 683 764 744 Leontini
776 687 986 760 &numaga-

79 775 83 782 ’
121 794 193 835 mus.
234 780 398 847 Attendite,
405 780 532 854 judiees,
544 783 708 860 diligenter.
750 783 824 858 Agri
836 788 904 841 sunt
916 783 986 840 lers-

120 892 186 934 ees:
220 895 313 937 annus
350 879 470 938 tertius:
512 882 688 941 deersmanus
727 881 884 956 Apronius.
938 881 987 938 De

121 975 319 1035 Aetnensibus
332 995 477 1052 perpauca
489 979 594 1037 dinam.
609 980 746 1038 dixerunt
767 980 848 1038 enim
860 978 917 1052 ipsi
932 977 987 1052 pri·

118 1088 169 1131 ore
182 1071 300 1131 natione
319 1075 445 1148 publiee.
486 1076 629 1136 Memoria
639 1079 756 1148 tenetis,
772 1077 986 1136 Artemidorum

122 1172 316 1239 Aetnensem,
328 1171 482 1246 legationis
491 1175 553 1247 eius
562 1176 732 1249 prinoipem,
744 1177 860 1249 publice
877 1175 986 1244 disere,

124 1268 288 1342 Apronium
310 1269 428 1327 venisse
454 1273 582 1329 Aetnam
604 1288 671 1330 eum
689 1273 844 1330 Veneriis:
866 1290 987 1330 vonum

120 1366 159 1424 ad
172 1384 206 1423 se
218 1367 435 1441 magistratum:
455 1368 621 1444 imperasse,
642 1375 673 1428 ut
686 1370 719 1428 in
742 1371 804 1427 loro
816 1371 872 1428 sibi
891 1371 989 1428 medio

119 1464 190 1522 leeti
203 1469 415 1524 sternerentur:
435 1468 565 1542 quotidie
574 1469 691 1526 solitum
704 1487 770 1526 esse
788 1485 846 1526 non
857 1469 944 1526 modo
955 1468 988 1526 in

115 1563 242 1636 publiea,
255 1565 306 1622 sed
321 1564 410 1622 etiam
423 1565 461 1622 de
481 1565 600 1639 publiea
612 1566 786 1625 eonrivari:
806 1583 874 1626 eum
888 1567 920 1624 in
942 1567 987 1624 eis

119 1660 268 1719 eonviviis
301 1663 476 1736 symphonia
501 1669 629 1731 orneret,
651 1664 843 1738 minimisque
875 1663 987 1739 pooulis

120 1757 340 1817 ministraretur.
358 1759 512 1817 nnretinere
535 1761 653 1818 solitum
675 1779 740 1818 esse
753 1767 888 1829 mares,
901 1767 987 1836 atque

119 1855 209 1914 abiis
230 1874 289 1913 uon
317 1859 403 1914 modo
416 1875 468 1931 per
479 1857 624 1932 injuriam,
637 1859 689 1915 sed
712 1858 804 1916 etiam
824 1877 876 1932 per
887 1863 989 1916 eontu-

118 1955 247 2022 meliam‚
261 1960 374 2013 tautum
393 1956 517 2030 exprimi
530 1957 674 2025 frumenti,
688 1961 824 2032 quantum
841 1957 988 2031 Apronius

119 2052 297 2126 imperasset.
340 2053 472 2111 Audistis
485 2055 568 2124 iisse,
584 2054 711 2129 judiees,
734 2071 808 2132 quae
832 2071 909 2112 nunc
931 2071 986 2129 ego

118 2151 219 2208 omnia
232 2156 381 2225 praetereo
394 2169 429 2209 ae
442 2152 582 2228 relinquo.
624 2152 708 2210 Nihil
718 2155 756 2210 de
770 2154 884 2210 luxuria
893 2154 986 2226 Apro-

116 2247 163 2306 nli
177 2251 287 2323 loquor,
300 2249 374 2306 nihil
388 2250 427 2306 de
441 2250 606 2316 insolentia,
628 2250 702 2307 nihil
726 2251 764 2308 de
784 2249 924 2324 singulari
937 2268 986 2307 ne·

118 2346 211 2421 quitis
224 2364 260 2402 ae
275 2347 470 2420 turpitudine:
489 2352 602 2405 tantum
615 2349 653 2404 de
667 2353 786 2422 quaestu
804 2365 840 2405 ao
854 2351 935 2406 luero
944 2347 986 2404 di-

117 2461 187 2502 eam
201 2445 286 2501 unius
300 2445 362 2519 agri
374 2450 405 2502 et
417 2445 501 2502 unius
514 2445 595 2514 enni,
608 2462 664 2521 quo
677 2447 792 2505 laellius
804 2463 857 2504 vos
870 2447 986 2521 oonjee·

118 2547 212 2601 turam
226 2545 264 2600 de
277 2543 412 2611 triennio,
425 2547 456 2601 et
475 2545 512 2602 de
533 2548 595 2601 tots
619 2543 723 2601 Sicilia
742 2545 839 2602 faeere
859 2544 985 2618 possitis.

120 2641 182 2699 Sed
191 2642 264 2699 milii
275 2641 506 2700 ¹⁰⁰Aetneusium
513 2641 611 2699 brevis
620 2645 664 2697 est
671 2641 774 2698 oratio.
781 2641 838 2714 ipsi
846 2641 926 2698 enim
937 2660 986 2699 ve·

117 2744 242 2797 nerunt:
263 2739 320 2810 ipsi
343 2739 475 2811 publioas
487 2739 599 2795 litteras
618 2737 813 2810 deportamnt.
826 2739 987 2796 docuerunt

116 2853 184 2902 vos,
197 2835 266 2909 quid
279 2835 379 2892 lunelli
401 2833 503 2892 leserit
526 2836 613 2891 homo
632 2851 691 2891 non
712 2837 814 2902 malus,
836 2835 986 2894 familiaris

114 2933 269 3010 praetoris,
284 2933 440 3006 Apronius.
450 2932 490 3001 id,
503 2949 618 3009 quaeso,
631 2951 671 2991 ex
683 2933 809 3007 ipsorum
818 2933 985 2992 testimonio

136 3108 169 3146 ι·
182 3107 369 3168 amoenum]
391 3108 507 3154 suurn?
527 3119 607 3169 nempe
622 3107 982 3166 contortiustnsnnusoeset:

115 3181 160 3214 nee
170 3171 303 3227 prorogatus
316 3165 444 3226 provinciae
454 3181 502 3226 spes
510 3165 566 3212 ulls.

147 3245 171 3277 ⁹⁹
183 3244 381 3292 namneum
395 3243 456 3348 enred
486 3242 606 3314 Lambinus
622 3242 718 3289 annexit
730 3242 787 3288 bene
801 3243 896 3290 retineri
913 3243 985 3291 alitos

115 3317 168 3352 ωε.
199 3303 324 3360 Vestigium
335 3307 368 3349 est
377 3317 399 3348 sn
411 3303 440 3348 sd
457 3337 463 3348 .
479 3317 513 3363 pr.
530 3315 552 3346 ur
561 3301 640 3371 qmbus
651 3301 782 3371 est'sslstsss.
814 3301 849 3347 lta
864 3303 984 3362 respondet

115 3361 258 3410 oratiobene
276 3361 428 3430 sequentibus:
443 3359 730 3429 nummus-supressa,
747 3359 808 3429 quod
825 3373 875 3406 orm
893 3360 984 3423 salitum

114 3435 161 3469 ssss
169 3435 213 3468 non
222 3424 372 3477 emvemuutu
381 3433 423 3466 nse
431 3418 496 3476 illud,
505 3421 614 3479 quantum
622 3419 736 3474 Amas
744 3423 876 3475 superesset

112 3501 342 3619 ,ἔξωιίιιὲιὲῃπξιιω
350 3499 429 3561 wolin]
443 3497 485 3548 ins
495 3497 524 3547 ds
532 3495 689 3546 senensibus.
719 3495 758 3545 aie
766 3499 791 3545 rt
804 3496 885 3545 (irenei
901 3497 981 3554 solent,
