2428 4212
374 302 493 355 scau.
511 303 774 359 nosocomum.
953 312 1015 374 236

148 451 241 512 ceteri
252 457 407 528 praetem,
420 454 478 514 iste
491 471 571 514 novo
581 457 707 531 quodam
725 473 765 512 ax
777 471 884 530 genere
897 453 1018 528 impers-

147 555 202 620 tor,
215 553 407 626 pulcherrimo
419 552 440 584 ³⁶
450 555 659 628 Syracusarum
669 558 735 612 loco
744 554 915 612 stativasibi
923 557 1019 612 castra

147 649 282 710 iaciebat.
324 653 402 710 Nam
426 652 457 709 in
480 652 544 725 ipso
565 654 646 710 aditu
668 659 754 728 atque
778 671 827 710 ore
849 659 955 727 portus,
968 649 1018 709 ubi

148 749 271 823 primum
295 768 333 808 ex
346 752 407 808 alto
427 750 507 808 ainus
531 751 568 808 ad
582 753 683 810 urbem
696 753 733 808 ab
747 752 831 810 litore
851 750 1018 818 inflectitur,

146 849 332 906 tabernacula
339 850 486 908 carbaseis
499 850 614 907 intanta
625 850 700 908 velis
713 852 887 910 collocabat.
908 855 965 910 buc
979 871 1018 914 ax

147 945 199 1004 illa
208 949 295 1004 domo
303 948 455 1020 praetoria,
467 946 489 980 δ’
499 967 571 1022 quaa
583 949 657 1024 regis
673 951 809 1008 Hieronis
823 951 887 1018 luit,
897 952 940 1008 sic
949 953 1019 1012 emi·

147 1047 257 1119 grabai,
271 1050 304 1101 ut
317 1063 368 1117 par
381 1063 431 1102 cos
445 1046 508 1102 dies
528 1065 613 1104 nemo
627 1049 713 1107 istum
727 1055 811 1108 extra
823 1051 906 1108 illum
922 1052 1018 1110 locum

148 1142 250 1199 videro
264 1149 369 1215 posset.
410 1145 447 1200 ln
459 1162 524 1202 eum
538 1152 634 1203 autem
644 1148 737 1220 ipsum
746 1151 841 1206 locum
852 1149 947 1207 aditus
954 1153 1018 1208 erat

150 1241 271 1308 nemini,
285 1241 341 1298 nisi
354 1241 404 1316 qui
417 1246 467 1299 aut
480 1243 584 1310 socius,
598 1249 648 1301 aut
662 1245 792 1303 minister
810 1247 940 1306 libidinis
952 1265 1018 1306 csse

150 1345 257 1414 posset.
299 1341 365 1398 Huc
374 1358 475 1398 omnes
490 1343 634 1409 mulieres,
648 1343 817 1416 quibuscum
830 1345 885 1401 iste
898 1363 1018 1404 consue·

150 1443 242 1506 verat,
255 1439 490 1510 conveniebant;
511 1459 629 1516 quamm
652 1441 824 1500 incredibile
847 1447 891 1500 est
912 1449 1019 1518 quanta

148 1538 301 1596 multitudo
322 1538 406 1596 luerit
433 1541 597 1614 Syracusis.
619 1542 675 1597 hnc
696 1541 828 1598 homines
841 1541 924 1616 digni
936 1542 1018 1600 istius
1111 1597 1115 1609 ,

150 1635 288 1704 amicitia,
296 1638 378 1710 digni
389 1638 451 1696 vita
465 1638 516 1696 illa
522 1638 727 1714 conviviisque
739 1640 906 1698 veniebant.
936 1637 1020 1700 Inter

151 1733 292 1807 eiusmodi
305 1736 383 1793 viros
408 1754 444 1794 ac
457 1738 601 1803 mulieres,
613 1740 712 1795 adulta
725 1743 821 1796 aetate
834 1739 909 1796 lilius
922 1757 1019 1798 versa·

151 1834 252 1891 batur:
273 1840 305 1892 ut
317 1852 393 1902 eum,
406 1835 520 1893 etiamsi
541 1841 642 1893 natura
656 1854 673 1892 a
687 1838 814 1910 parentis
827 1837 1018 1896 similitudine

151 1932 305 2006 abriperet,
318 1936 496 1992 cousuetudo
519 1941 617 1992 tamen
637 1952 672 1992 ac
685 1935 841 2008 disciplina
854 1936 929 2009 patri
943 1936 1020 1996 simi·

151 2034 210 2092 lem
224 2052 287 2090 esse
295 2040 421 2108 cogeret
462 2034 529 2092 Huc
541 2034 704 2091 Tertiailla
713 2035 851 2108 perducta
860 2051 912 2108 per
921 2037 1019 2094 dolum

151 2137 238 2207 atque
251 2133 371 2191 iusidias
384 2134 422 2190 ab
436 2131 551 2190 Rbodio
574 2132 705 2200 tibicine,
718 2134 860 2192 maximus
880 2133 912 2191 in
934 2133 1018 2193 istius

150 2232 254 2290 eastris
266 2231 397 2288 effecisse
409 2233 506 2290 turbas
518 2231 634 2296 dicitur,
646 2249 714 2288 cum
734 2231 854 2306 indigne
874 2237 1019 2305 pateretur

98 2323 102 2328 ⁵
152 2347 226 2387 uxor
250 2329 417 2392 Cleomenis
439 2329 625 2402 Syracusani,
638 2329 744 2386 nobilis
767 2329 879 2396 mulier,
891 2329 1018 2405 itemque

154 2427 354 2494 Aeschrionis,
363 2428 484 2486 honesto
492 2430 558 2486 loco
566 2428 680 2494 nata,in
688 2432 956 2486 conventumsuum
967 2429 1018 2486 mi·

152 2525 195 2586 mi
206 2526 309 2584 isidori
317 2526 407 2586 filiam
418 2527 543 2584 venisse.
578 2528 639 2585 Iste
649 2531 746 2584 autem
757 2527 917 2595 Hannibal,
926 2527 976 2602 qui
986 2527 1018 2586 in

183 2681 206 2716 ³⁸
219 2680 382 2740 symma
390 2682 458 2744 lucc]
489 2681 548 2728 Edd.
559 2683 614 2726 vett„
625 2680 662 2726 hie
671 2683 695 2726 el
704 2683 761 2742 post,
771 2680 862 2726 inostro
871 2681 949 2727 lucram
959 2685 982 2728 et
991 2681 1019 2729 io

153 2754 205 2788 aum
213 2741 286 2797 inum
295 2742 380 2794 lucum,
389 2743 467 2788 lurum
475 2740 548 2786 libris
556 2753 637 2796 magno
650 2753 754 2786 consenui
772 2738 855 2784 babent
869 2740 921 2794 laea,
937 2741 1017 2797 lanam,

153 2802 213 2860 quod
230 2803 254 2843 et
270 2799 389 2846 Lambinus
406 2799 428 2846 ln
446 2797 547 2846 omnibus
566 2797 624 2844 Mas.
635 2798 733 2858 reperit:
749 2796 794 2858 qui,
812 2797 888 2854 miror,
907 2799 1018 2859 quomodo

184 2855 250 2904 tuerit
260 2855 341 2910 dicere,
352 2857 419 2903 libros
429 2859 474 2902 lere
483 2871 559 2902 onmes
569 2857 671 2912 vulgatos
687 2855 771 2902 babere
780 2857 825 2902 luc.
851 2855 925 2902 Prima
933 2861 984 2904 Aac.
995 2859 1015 2905 l.

153 2871 223 2962 bibet
231 2916 394 2970 Smwsnnam
402 2916 459 2962 luco.
469 2915 492 2960 in
500 2913 580 2961 ceteris
588 2921 622 2962 eat
629 2917 707 2962 boare
738 2915 846 2962 Similiter
853 2915 904 2962 Ald.
913 2916 943 2962 N.
953 2920 1016 2975 1⁵80,

153 2974 199 3021 alis
215 2973 283 3021 nulla.
318 2977 341 3020 ln
358 2979 451 3036 unaque
467 2978 522 3035 puto
536 2988 584 3020 esras
602 2973 680 3020 vitium
698 2987 821 3034 operarum.
852 2974 913 3020 Nam
930 2976 981 3020 Aac.
992 2979 1015 3023 2.

153 3033 222 3080 babet
232 3035 283 3086 beo,
292 3039 317 3078 ut
324 3038 412 3080 ortena
421 3034 474 3082 Alc
486 3033 516 3080 N.
528 3032 619 3080 Gruteri
628 3039 682 3080 notu
691 3033 720 3078 de
730 3031 754 3080 Ρ.
767 3032 873 3080 Manub'o
882 3039 906 3079 et
916 3034 975 3080 Aldo
985 3035 1014 3080 ul.

153 3093 253 3153 pertinet
268 3097 353 3138 tautum
372 3092 401 3138 ad
417 3093 454 3140 ed.
472 3095 534 3141 158⁰.
573 3092 656 3138 Cetera
674 3092 792 3152 descriptio
808 3091 852 3136 lon·
870 3092 951 3148 totius3
975 3093 1017 3139 alt

151 3150 652 3257 almaniscarum*
664 3150 831 3256 auru
848 3150 1017 3258 abab

150 3245 249 3315 numm
259 3225 386 3315 lectionari1
384 3267 476 3316 matu.
517 3226 545 3266 θ’
638 3243 644 3256 ’
973 3224 988 3270 q

180 3347 273 3406 δ”.ῃωι
280 3347 340 3405 regia
348 3345 494 3406 Hiarocirss]
525 3344 589 3392 llaec
598 3344 750 3405 appendicula,
760 3358 817 3405 qnae
823 3341 941 3404 aliquoties
951 3344 973 3391 in
981 3345 1016 3394 bia

151 3405 286 3454 orationibus
302 3406 406 3460 ooeorrit,
425 3404 478 3452 mibi
492 3409 594 3465 manacta
608 3409 648 3449 est
680 3401 746 3448 Verr.
758 3404 776 3458 l,
786 3407 821 3448 ⁵³.
838 3402 967 3463 simpliciter
981 3409 1017 3454 eat

148 3465 340 3520 &mmmmm
345 3481 356 3520 ,·
370 3463 415 3518 nbi,
425 3464 477 3525 quis
483 3463 581 3568 frimnnr
598 3461 768 3532 memorabatur,
778 3462 833 3508 baec
842 3462 919 3508 nabala
929 3464 1016 3524 aptissi-

148 3537 186 3570 ma
196 3522 285 3568 videtur
302 3522 373 3568 brine.
408 3524 430 3569 ln
450 3523 472 3568 b.
493 3521 600 3568 .videtur
608 3521 686 3567 addita
702 3535 749 3568 ease
764 3535 779 3566 e
791 3519 833 3574 lv,
848 3524 884 3568 ⁵2.
901 3521 1015 3570 abelleno

146 3581 275 3690 Q&
299 3579 665 3690 wsstdrfflsiwmm
676 3593 714 3638 pr.
730 3578 1015 3641 indaeiblsliquidda·

430 3655 467 3689 ‚c
507 3674 514 3690 .
