2460 4200
208 327 249 392 qr
547 323 742 378 mvmnms

245 469 276 528 N
277 486 316 528 on
329 461 494 532 mehercule
513 473 646 536 oriminis
658 471 785 548 eugendi
806 486 896 532 esum
908 465 1019 537 dinem,
1031 468 1081 544 ib

207 568 303 628 diues:
318 570 380 640 sed,
390 587 477 646 quem
489 572 594 647 seeepi
607 573 670 648 ipse
682 573 776 632 oeulis
786 570 940 646 animoque
951 585 1081 638 rmum,

205 668 284 729 rme
304 686 374 728 vere
388 671 464 744 epud
486 689 547 740 vos,
572 676 611 740 et,
625 677 656 730 ut
676 678 786 746 potero,
807 668 975 744 munimime
988 683 1080 740 expo·

204 784 282 826 uem.
333 769 422 838 Nem,
448 785 516 830 oum
541 769 760 845 ”quadriennio
787 775 852 843 post
879 768 911 826 in
940 766 1078 826 Siciliam

204 867 367 928 venissem:
394 868 437 928 sie
459 868 532 928 mibi
557 870 663 931 ulieete
689 870 754 927 viee
771 873 827 937 est,
854 872 886 926 ut
900 867 955 924 bee
980 872 1077 924 teme

203 951 308 1036 uolent,
326 966 474 1042 inquibus
494 969 604 1028 bellum
625 969 761 1026 eeerbum
775 966 994 1039 diuturnumque
1009 980 1075 1022 ver·

201 1070 296 1122 selum
309 1069 363 1122 est.
384 1083 455 1140 quos
469 1083 524 1138 eqo
537 1083 655 1140 cernuos
671 1068 920 1140 eumaeumque
934 1062 1072 1124 nitidissi-

201 1180 264 1224 mos
278 1163 524 1240 viridissimosque
544 1165 693 1236 vidissem,
715 1168 767 1226 tros
780 1165 824 1224 itu
837 1169 966 1223 vestntos
983 1179 1072 1232 nuno,

200 1278 236 1323 uo
259 1264 388 1322 desertos
411 1265 556 1334 videbam,
577 1274 608 1325 ut
628 1283 698 1341 eger
718 1266 781 1341 ipse
794 1266 938 1324 erultorem
958 1262 1072 1322 deside·

199 1380 272 1432 rure,
285 1382 320 1422 ue
336 1367 434 1439 lugere
447 1366 596 1426 domiuum
610 1367 766 1424 videretur.
793 1363 979 1422 Herbitensis
991 1377 1070 1434 eger,

199 1462 356 1532 ememus,
375 1462 617 1536 ”Murgentinum
632 1463 799 1531 Amerinus,
817 1460 1071 1530 ³”lmuebereusisq

200 1561 404 1634 Agyrinensis,
416 1561 459 1618 itu
467 1560 586 1621 relielus
599 1568 662 1619 erut
671 1579 711 1620 ex
724 1562 853 1622 maxime
865 1568 957 1635 perte,
966 1565 999 1616 ut
1008 1576 1070 1618 nou

198 1661 291 1716 solum
305 1659 450 1734 jugerum,
470 1661 521 1718 sed
544 1660 631 1718 etiem
651 1661 832 1720 dominorum
853 1660 1069 1720 multitudinem

197 1777 407 1834 quaereremus.
449 1761 610 1822 Aetnensis
631 1779 702 1820 vero
719 1779 796 1836 eger,
809 1760 859 1835 qui
876 1762 1068 1818 solebstesee

197 1860 382 1930 cultissimus,
395 1866 434 1930 et,
447 1864 522 1936 quod
542 1869 630 1936 eaput
643 1867 687 1920 est
701 1862 743 1920 rei
756 1859 970 1927 frumentariae,
989 1875 1070 1916 eum·

197 1976 250 2032 pus
268 1961 440 2026 Leontinus,
452 1959 473 1990 ⁴⁰
483 1962 566 2035 esque
579 1967 668 2018 euleu
680 1979 746 2033 spes
766 1961 839 2018 buee
854 1964 925 2026 eret,
939 1965 981 2026 ut,
998 1973 1067 2016 eum

194 2057 319 2114 obsitum
333 2056 466 2123 vidisses,
480 2074 614 2117 annonae
629 2058 781 2116 ueritatem
790 2077 849 2118 uon
858 2075 990 2116 vererere
1000 2077 1008 2128 ς
1020 2057 1065 2116 sio

195 2159 257 2214 eret
268 2155 406 2215 deforme
422 2160 509 2230 etque
523 2155 661 2225 horridus,
682 2163 713 2215 ut
730 2158 763 2216 in
776 2159 920 2216 uberrime
941 2157 1064 2216 Sieiline

194 2259 275 2328 purte
297 2255 431 2316 Siciliam
445 2272 657 2330 quaereremus.
676 2257 863 2320 lubeleeteret
876 2257 956 2315 enim
976 2256 1065 2314 vebe·

193 2359 307 2414 menter
324 2361 450 2414 aratores
466 2355 530 2430 jem
552 2356 680 2430 superior
698 2375 807 2416 enuue:
827 2356 973 2430 proximus
994 2370 1067 2412 vero

143 2451 181 2512 19
192 2453 319 2512 funditus
332 2459 487 2516 everteret.
529 2455 579 2512 'l'u
593 2456 665 2515 milri
679 2456 768 2517 etium
781 2457 870 2515 audes
885 2455 1065 2514 mentionem

192 2553 289 2616 lesere
313 2551 521 2612 dobremarum?
544 2554 594 2612 Tu
616 2555 649 2612 iu
662 2559 745 2612 teuta
766 2555 960 2628 improbitate,
979 2561 1009 2612 tu
1029 2553 1063 2614 iu

193 2657 274 2716 tenu
295 2654 464 2722 soerbitute,
478 2653 511 2712 iu
530 2659 573 2712 tot
585 2659 617 2711 et
630 2653 718 2712 tentis
735 2653 861 2726 injuriis,
874 2671 942 2712 eum
956 2655 988 2712 iu
1000 2669 1063 2712 eru·

221 2807 244 2841 ³⁷
259 2809 407 2868 quadriennio
415 2809 470 2870 post]
483 2809 522 2856 inl.
531 2825 603 2856 meum
613 2825 626 2854 e
636 2808 713 2856 Sicilia
722 2809 841 2864 decessum,
852 2811 930 2856 exacta
937 2811 1062 2868 quaestura.

204 2943 209 2956 Ι
220 2885 243 2920 ³⁸
258 2885 436 2956 Murgentinus]
468 2887 533 2933 Haeo
540 2897 574 2932 eet
581 2888 672 2988 amiqua
681 2893 707 2932 ee
714 2903 767 2955 uere
777 2886 893 2946 scripture,
904 2901 947 2932 non
954 2886 1064 2943 Murgen-

185 2949 260 3000 Μαι,
271 2949 295 2990 ut
306 2949 341 2989 est
349 2959 372 2990 rn
383 2945 456 3000 vulgg.
467 2959 489 2990 v.
502 2945 578 2992 Burm.
588 2947 618 2988 ed
652 2959 696 2990 um.
707 2945 767 2990 Strui.
776 2959 797 3004 p.
808 2949 857 2990 rm.

220 3023 242 3054 ³⁹
256 3021 425 3079 Iumckurmrr'r]
439 3035 480 3080 pro
497 3020 556 3074 vulg.
573 3019 732 3073 marturensis,
747 3019 804 3063 bene
815 3019 886 3064 edidit
896 3019 979 3064 Graev.
990 3023 1015 3062 et
1030 3019 1063 3065 sie

190 3081 240 3128 intr.
257 3095 275 3126 e.
294 3083 329 3126 tu.
348 3079 419 3124 edidit
436 3078 504 3123 etiem
518 3077 641 3123 Gnrterus:
658 3077 695 3122 ubi
712 3081 786 3122 tamen
803 3077 850 3124 Me.
867 3075 1063 3137 Hudeeoperienus

190 3141 259 3188 stium
274 3139 342 3186 hebet
357 3137 516 3184 Mucluzrevrrr'r.
534 3136 714 3186 Hensicturerrsir
729 3135 846 3196 legendum
858 3151 906 3184 esee
915 3135 1014 3198 disputat
1025 3136 1062 3185 vir

191 3199 269 3246 doetue
278 3197 331 3244 Obs.
344 3195 411 3244 Mire.
425 3195 478 3243 Vol.
490 3193 521 3241 V.
532 3211 553 3257 p.
567 3197 615 3243 lul.

219 3277 243 3310 ⁴·
256 3291 274 3323 e.
291 3281 355 3323 ersten
365 3291 411 3334 sper
424 3276 476 3321 turc
492 3275 556 3336 erut]
588 3275 645 3322 Mes.
661 3276 751 3338 quidam
766 3275 850 3333 specim,
870 3275 930 3338 quod
947 3279 971 3322 et
990 3277 1061 3323 Aldur

190 3350 241 3398 nep.
258 3336 378 3384 lmmbiuus
387 3341 410 3382 et
420 3334 528 3382 Graevius
537 3335 634 3383 edidere.
652 3351 695 3382 non
711 3336 773 3382 bene.
789 3351 840 3382 uam
856 3335 876 3382 ei
888 3351 931 3382 non
948 3336 1059 3392 convenit,

191 3401 218 3443 ut
232 3409 282 3443 cum
290 3395 384 3442 olerum
393 3395 488 3442 vidium
515 3395 594 3442 Sensus
603 3401 649 3442 est:
661 3399 724 3442 tante
734 3399 782 3442 erat
790 3396 868 3442 ttdueiu
876 3396 939 3444 istius
947 3397 1001 3454 agri,
1013 3400 1060 3441 tum

191 3459 276 3502 eertum
285 3454 415 3511 hebebnmq
426 3458 517 3516 propter
524 3455 604 3500 temam
619 3454 765 3504 temeritatis.
776 3470 867 3503 messem
880 3455 961 3502 bonam
970 3455 1024 3512 lore,
1035 3457 1060 3502 ul

190 3513 209 3560 ui
219 3516 286 3562 modo
294 3519 452 3566 consereretur,
462 3527 527 3558 nemo
536 3513 649 3560 dubitaret
660 3516 688 3560 de
698 3514 755 3560 bona
766 3529 842 3562 meere.
875 3515 993 3573 stragem
1002 3517 1060 3560 certo

188 3572 245 3626 fides
254 3589 320 3629 mure,
331 3572 387 3619 Hor.
401 3574 441 3626 tlt,
454 3576 486 3619 lb'.
498 3576 533 3620 3⁰.
563 3576 712 3635 opponuntur
721 3573 773 3632 ucri
783 3575 910 3634 oulome'lors',
921 3573 957 3622 ubi
967 3577 1063 3636 tempas

190 3635 233 3690 tes,
244 3631 368 3690 illuviones,
378 3631 465 3680 similae
473 3631 585 3680 limentur.
