2438 4206
215 285 257 344 ω
550 281 744 332 ruvuauuuu

215 425 340 501 Apronii
352 432 510 504 quaestum,
523 430 588 490 sive
610 432 693 500 adeo,
706 446 762 506 qua
775 429 811 488 ad
833 427 917 488 istius
930 426 1082 508 ingentem

214 525 424 602 immanemque
446 531 582 602 praedam
602 528 710 602 possim
733 527 894 602 pervenire.
938 526 1012 600 Agri
1025 527 1081 596 Le7

212 625 308 684 ontini
328 627 469 686 decumae
483 645 560 686 anno
579 627 665 684 tertio
679 625 834 684 venierunt
848 623 939 682 tritici
962 624 1083 682 medim·
1100 633 1105 641 '

212 721 283 782 nium
296 741 410 796 xxxvr;
432 727 487 792 hoc
508 731 562 794 est,
583 724 673 783 tritici
695 721 823 782 modiim
843 740 944 782 ccxvr.
965 739 1080 796 magno,

205 821 331 895 judices,
346 841 459 898 magno.
481 841 573 898 neque
585 823 664 882 enim
674 823 731 879 boc
746 839 860 894 possum
874 803 989 894 negire.
1024 821 1081 876 lta·

211 939 267 994 que
281 939 401 999 neqesse
414 927 468 990 est,
482 927 531 978 aut
545 923 690 988 damnum,
703 925 754 976 aut
767 925 846 976 certe
865 936 924 976 non
945 935 1080 992 magnum

209 1020 320 1076 lucrum
334 1019 438 1077 iecisse
451 1021 654 1078 decumanum.
675 1020 730 1076 boc
740 1018 819 1081 enim
829 1020 906 1075 solet
915 1035 967 1074 usu
978 1019 1080 1076 venire

208 1115 310 1192 iisqui
321 1135 427 1192 magno
437 1119 627 1186 redemerunt.
671 1117 757 1190 Quid,
771 1117 797 1174 si
815 1117 946 1183 ostendo,
959 1115 990 1174 in
1005 1117 1078 1174 haec

207 1233 266 1273 una
287 1215 444 1290 emptione,
462 1216 535 1274 lucri
558 1215 621 1274 fieri
642 1214 732 1272 tritici
751 1211 879 1272 modidm
893 1211 932 1270 c?
959 1215 1038 1288 quid,
1051 1214 1078 1272 si

207 1311 265 1373 c'e?
284 1313 363 1390 quid,
383 1313 409 1371 si
432 1311 511 1372 ccci
531 1314 608 1390 quid,
622 1313 648 1370 si
662 1329 733 1370 cccc
753 1309 869 1370 millia?
889 1310 1076 1368 ⁸dubitabitis
1155 1337 1159 1360 ι

206 1413 304 1481 eiiam,
319 1412 368 1470 cui
381 1412 437 1468 isto
451 1416 533 1468 tanta
545 1413 652 1484 praeda
665 1411 795 1485 quaesita
808 1407 867 1468 sit?
887 1410 1015 1487 iniquum
1029 1427 1075 1466 me

206 1527 270 1568 esse
284 1509 427 1583 quispiam
440 1509 528 1575 dicet,
541 1508 590 1582 qui
604 1526 642 1564 ex
657 1508 729 1564 lueri
742 1508 941 1582 magnitudine
960 1510 1076 1582 conjec-

206 1609 299 1664 turam
311 1606 416 1664 iccium
436 1606 503 1664 iurti
525 1611 610 1680 atque
632 1608 765 1679 praedae.
809 1605 909 1678 Quid?
929 1607 956 1664 si
974 1609 1076 1676 doceo,

198 1703 325 1778 judices,
348 1721 407 1774 eos,
425 1705 475 1781 qui
497 1721 570 1764 cccc
594 1704 687 1764 millia
709 1703 838 1762 modiirm
859 1705 933 1762 lucri
954 1705 1075 1776 iaciunt,

204 1804 340 1863 damnum
353 1803 478 1862 tacturos
493 1803 592 1870 inisse,
606 1803 631 1860 si
645 1809 695 1860 tua
708 1803 854 1878 iniquitas,
869 1803 894 1860 si
914 1804 956 1860 tui
975 1821 1012 1862 ex
1027 1822 1076 1862 co-

204 1903 287 1960 horte
301 1906 515 1975 recuperatores
526 1919 585 1958 non
594 1898 828 1959 intercederent?
843 1901 984 1975 numquis
996 1909 1075 1976 pote·

205 1999 243 2057 rit
256 1999 287 2056 in
307 2004 389 2056 tanto
410 2001 490 2056 lucro
514 2003 651 2072 tantaque
674 1997 826 2072 iniquitate
850 2000 990 2068 dubitare,
1003 2001 1073 2076 quin

202 2100 318 2171 propter
331 2095 546 2168 improbitatem
569 2100 628 2152 tam
652 2111 771 2170 magnos
785 2101 918 2170 quaestus
942 2096 1073 2158 seceris?

202 2199 320 2268 propter
332 2193 560 2268 magnitudinem
581 2199 714 2267 quaestus
736 2194 881 2266 improbus
895 2213 958 2251 esse
974 2199 1073 2254 volue-

149 2297 190 2362 47
203 2290 264 2350 ris?
286 2293 437 2366 Quomodo
449 2291 536 2366 igitur
556 2292 611 2348 hoc
626 2292 901 2366 assequanjudiccs,
916 2299 947 2350 ut
968 2295 1071 2366 sciam,

201 2395 340 2466 quantum
364 2391 436 2448 iucri
458 2391 566 2448 iactum
590 2388 650 2446 eit?
678 2407 737 2447 non
761 2408 799 2446 ex
816 2392 940 2463 Apronii
954 2394 1071 2462 tabulis,

201 2507 271 2564 quas
285 2506 343 2564 ego
362 2506 428 2548 cum
452 2487 660 2564 conquirerem,
674 2504 733 2544 non
755 2487 924 2561 inveniret
948 2507 1015 2548 cum
1039 2492 1072 2548 in

194 2589 244 2664 Jus
258 2589 352 2663 ipsum
366 2588 463 2656 eduxi,
476 2585 615 2660 expressi,
628 2591 660 2642 ut
684 2585 828 2643 conticere
849 2589 961 2646 tabulas
975 2607 1006 2646 se
1021 2608 1072 2648 ne·

200 2693 291 2764 garet.
344 2687 377 2748 Si
397 2686 610 2747 mentiebatur:
639 2686 823 2759 quamobrem
844 2690 1023 2756 removebat,
1038 2688 1072 2762 ,si

201 2787 257 2845 bae
282 2789 397 2844 tabulae
419 2785 493 2842 nibil
515 2784 570 2841 tibi
593 2788 676 2842 eraut
699 2781 874 2840 obfuturae?
901 2785 926 2840 si
951 2787 1072 2853 omnino

200 2886 294 2942 nullas
308 2883 474 2941 coniecerat
498 2882 625 2938 litteras:
647 2900 684 2938 ne
698 2883 727 2938 id
742 2882 857 2956 quidem
877 2883 947 2939 satis
961 2884 1072 2958 signiti-

198 2982 295 3048 oabat,
309 2981 391 3038 ilium
405 2996 463 3036 non
477 2993 558 3034 suum
572 2977 719 3051 negotium
734 2980 865 3052 gessisse.
880 2998 916 3038 ea
930 2985 974 3038 est
988 2985 1071 3050 enirn
1103 2981 1107 3001 ¹

199 3077 292 3137 *ratio
312 3079 545 3143 decumanorum,
559 3080 591 3133 ut
612 3076 675 3134 sine
698 3077 826 3150 plurimis
840 3078 945 3138 litteris
959 3084 1070 3142 confici

229 3232 384 3280 tdubiutdb
392 3232 485 3336 ‘nami
506 3230 542 3278 Sic
558 3231 608 3302 edd.
635 3245 652 3276 r.
666 3245 711 3302 nou
720 3231 833 3288 dubiam,
843 3237 869 3279 ut
883 3234 1018 3281 recentiores
1027 3237 1071 3282 ba—

199 3291 260 3339 bent„
272 3307 322 3338 nam
330 3297 353 3337 et
361 3296 412 3352 post
421 3297 455 3338 est
476 3295 607 3347 rcctpotent
693 3305 723 3337 re.
740 3290 900 3338 Moxeaedem
906 3293 988 3351 docebo,
997 3295 1068 3342 male.

196 3365 251 3408 ‚nam
260 3356 284 3398 et
293 3355 346 3398 onte
354 3353 389 3396 est
397 3351 489 3396 mterrdo.
520 3349 574 3397 Post
583 3348 663 3396 rectius
673 3349 742 3394 etiam
751 3349 910 3405 ioretsnciunt.

228 3430 240 3462 ⁴
253 3429 310 3476 ratic
319 3454 346 3463 --
356 3428 434 3488 confici
443 3443 488 3474 aroc
495 3429 576 3490 possit]
603 3427 699 3476 Videtur
709 3427 825 3496 legendum
832 3443 879 3474 esse
889 3409 988 3498 cmqfierr'
1004 3431 1029 3477 N
1030 3445 1074 3479 am

198 3489 255 3594 m
255 3492 298 3595 ¹eret
306 3488 419 3548 negotium
436 3488 612 3546 decumanorum,
628 3501 673 3534 uon
689 3489 795 3545 meones,
814 3487 843 3534 de
860 3487 939 3550 qubus
958 3489 1074 3548 confflem
