2428 4212
362 338 434 387 nen.
452 338 481 388 u.
497 336 596 388 nunu
609 337 760 392 ouruuus.
936 337 997 404 23⁷

29 507 33 514 ·
130 484 192 542 loro
205 485 319 554 obduci,
338 504 407 555 non,
420 493 453 544 ut
472 489 535 561 ipse
558 488 717 562 praedicat,
740 486 858 562 perduoi
879 485 999 543 solebat.

130 583 265 642 aleatoris
280 585 447 644 Placentini
456 591 550 644 osstrs
561 589 873 645 commemorabuntur:
895 585 926 643 in
941 583 1001 660 qni·

130 682 182 738 bus
196 699 262 740 enm
272 684 405 760 frequens
415 685 524 753 luisset,
535 692 633 745 nmen
645 703 712 743 sere
722 685 831 742 (linitus
843 691 895 742 est.
910 686 1001 741 mults

129 779 189 851 ejus
210 782 241 838 iu
268 783 420 856 stipendiis
447 786 554 844 domus
576 784 764 856 proferentur,
778 801 851 858 quse
875 786 912 841 sb
933 784 998 850 isto,

125 881 229 937 aetatis
253 881 345 938 linctu
377 883 518 939 dissolute
540 887 571 939 et
592 888 782 955 compensata
805 887 881 941 suut.
930 883 999 938 Jsm

127 995 205 1045 vero,
219 996 287 1035 uum
309 977 342 1036 in
365 979 506 1051 ejusmodi
529 981 669 1052 potientis
683 980 879 1054 turpitudinis,
893 980 1000 1047 eliens,

125 1096 185 1136 non
200 1094 252 1133 sus
262 1076 398 1133 sotietate
409 1077 604 1136 obduruisset:
618 1079 667 1154 qui
677 1079 722 1137 vir
734 1080 830 1146 luerit,
840 1083 910 1154 quot
920 1095 1000 1153 prue-

126 1175 211 1240 sidis,
225 1192 315 1248 quum
343 1176 454 1232 munita
467 1176 582 1249 pudoris
596 1182 626 1234 et
645 1178 811 1250 pudicitiae,
825 1177 858 1235 vi
871 1183 902 1235 et
914 1177 1000 1234 ands·

127 1273 174 1331 oia
187 1273 308 1346 ceperit,
332 1274 400 1348 quid
424 1291 472 1331 me
500 1273 606 1332 attinet
625 1275 734 1342 (liuere,
754 1280 802 1332 sut
821 1276 1000 1349 conjungere

125 1389 191 1430 oum
206 1372 288 1428 istius
303 1372 414 1445 dngitio
426 1373 594 1448 cujusquam
603 1379 751 1447 praetereo
760 1371 910 1431 dedecus?
930 1375 1000 1430 Nou

124 1471 240 1537 loeium,
260 1470 397 1543 judiees:
429 1473 528 1530 omnis
551 1477 651 1530 veteru
679 1471 923 1546 praetermittam:
942 1472 1001 1528 duo

124 1572 186 1627 sole
197 1571 326 1628 reoentis
340 1571 404 1630 siue
420 1573 597 1646 ‘cujusquam
610 1571 731 1629 intumis
745 1588 866 1644 ponam3
887 1588 925 1628 ex
939 1569 999 1644 qui-

124 1670 176 1726 bus
191 1672 388 1743 conjecturum
411 1671 508 1727 iuuere
532 1671 570 1727 de
591 1671 724 1728 omnibns
751 1669 887 1742 possitis:
907 1685 996 1726 unum

127 1768 208 1836 illud,
236 1771 310 1842 quod
332 1769 375 1826 ito
395 1769 448 1826 luit
471 1771 592 1837 illustre,
619 1776 775 1842 notumque
801 1768 944 1834 omuibus,
965 1772 998 1825 ut

126 1884 216 1924 uerno
229 1871 289 1924 turn
304 1867 465 1924 mutiennus
492 1869 587 1936 homo,
600 1869 636 1926 L.
651 1869 775 1926 Lucullo
797 1870 828 1923 et
846 1866 889 1925 M.
909 1866 998 1923 Cotto

125 1965 293 2024 oonsulibus
308 1967 431 2024 llonrnrn
445 1985 483 2024 ex
498 1967 558 2024 ullo
569 1965 729 2039 municipio
739 1965 900 2023 vadimonii
910 1981 998 2022 ouuss

125 2065 329 2139 uenerit,quin
344 2066 439 2133 sciret,
447 2066 513 2138 jure
527 2066 626 2123 omnin
641 2063 778 2137 praetoris
793 2063 905 2130 urbani,
926 2068 998 2121 nutu

125 2168 210 2236 etque
224 2163 328 2219 sbitnio
342 2164 514 2218 Chelidonis
524 2163 724 2220 meretriculae
734 2161 906 2236 gubernari:
927 2165 998 2220 ulte·

126 2278 197 2327 rum,
211 2261 296 2334 quod,
310 2276 377 2316 uum
401 2260 553 2329 paludatus
573 2259 691 2325 exisset,
706 2263 831 2332 votoque
844 2275 896 2331 pru
909 2259 998 2332 impe

124 2359 169 2416 rio
193 2376 245 2413 suo
268 2355 501 2429 “communique
525 2355 624 2428 populi
644 2355 771 2413 Romani
791 2361 998 2429 nuncupasset,

124 2462 223 2522 noctu,
238 2454 329 2528 stupri
342 2471 438 2520 enusn,
454 2453 561 2510 leetiea
573 2453 605 2510 in
626 2456 726 2512 urbem
739 2453 883 2511 introferri
896 2454 997 2511 solitus

125 2561 170 2613 est
185 2555 221 2610 ud
246 2553 404 2620 mulierem,
426 2557 544 2624 nuptum
578 2551 638 2619 uni,
660 2552 835 2624 propositum
856 2552 998 2620 omnibus,

123 2659 226 2711 eontra
239 2653 290 2718 iss,
304 2657 405 2708 contre
413 2649 553 2724 suspicis,
563 2654 665 2706 contre
674 2667 775 2707 omnes
786 2651 902 2708 divinus
912 2656 998 2725 utque

124 2753 266 2810 humanas
279 2750 447 2822 religiones.

164 2851 191 2907 0
205 2848 248 2904 dii
268 2847 445 2904 immortales
459 2851 466 2902 t
490 2844 567 2917 Quid
586 2845 711 2912 interest
731 2845 933 2904 intermontes
947 2849 996 2906 ho·
1010 2845 1050 2904 14

124 2948 248 3014 minum,
269 2951 300 3003 et
313 2941 530 3019 cogitationes?
551 2945 597 3002 ltn
612 2944 685 3003 milri
698 2963 792 3004 meum
807 2948 996 3018 voluntatem,

122 3063 261 3122 spemque
282 3044 409 3118 reliquae
424 3044 512 3114 vitue,
526 3049 625 3101 vestro
639 3045 794 3120 populique
808 3045 933 3104 Romani
946 3065 997 3105 ex·

121 3145 262 3206 istimstio
276 3145 452 3216 comprobet,
465 3148 498 3200 ut
511 3161 574 3218 ego.
588 3161 659 3218 qnos
683 3146 777 3202 adhue
802 3145 874 3201 mihi
894 3145 997 3218 mugis-

121 3249 214 3304 trstus
239 3244 359 3318 populus
384 3243 532 3301 Romanus
546 3241 707 3308 mondavit,
719 3240 739 3272 ⁴¹
754 3241 797 3298 sie
819 3257 870 3296 eos
884 3242 996 3316 uooepi,

122 3351 157 3404 nt
167 3361 213 3402 me
224 3341 352 3400 omnium
363 3341 524 3398 officiorum
533 3339 674 3412 obstringi
682 3338 824 3413 religione
835 3338 994 3399 arbitrarer.

151 3493 380 3552 “mmlssi
423 3490 989 3558 unevtosernsueneduitoemuntqum

116 3556 218 3618 puntiau
248 3553 377 3600 SioetMs.
428 3587 433 3600 .

149 3631 324 3694 sturmus]
355 3628 573 3680 mutuantur.
