2438 4206
220 349 260 408 63
560 339 595 388 ln
610 337 752 388 VERREM

218 494 272 558 tur,
295 491 404 547 amotas
426 493 456 546 et
479 487 630 559 venditam
651 504 763 546 summo
786 483 930 560 supplicio
953 484 1087 544 villicum

217 587 334 655 afficiat,
354 594 384 645 et
407 605 507 646 secum
529 589 606 645 male
630 592 727 646 actum
748 590 845 660 putet:
872 585 944 644 item
964 587 1084 659 populus

218 685 366 746 Romanus
389 705 455 745 cum
479 687 568 753 audit,
592 685 680 759 pluris
701 687 839 743 decumas
861 683 1086 742 vendidisset).

217 783 350 853 Verrem,
372 785 458 860 quim
483 783 752 844 innocentissimum
776 783 935 851 hominem,
957 783 1006 840 cui
1029 783 1084 840 iste

217 885 367 951 successit,
381 884 417 941 C.
433 885 629 950 Sacerdotem,
642 887 725 957 putat
738 901 769 939 se
783 883 889 939 bonnm
903 883 935 938 in
949 879 1083 938 arationi-

216 981 270 1040 bus
284 981 476 1056 fructibusque
489 981 549 1038 suis
562 981 695 1038 habuisse
717 982 866 1039 custodem
885 997 922 1037 ac
936 979 1083 1048 villicum3

217 1097 284 1139 cum
310 1078 441 1145 senserit,
462 1079 550 1136 istum
573 1097 660 1136 omne
683 1079 904 1137 instrumentum
931 1082 1084 1146 aratorum,

218 1177 317 1236 omnia
335 1177 463 1234 subsidia
475 1177 664 1252 vectigalium
678 1178 854 1245 vendidisse,
867 1193 982 1235 omnem
1001 1191 1083 1249 spem

217 1275 394 1350 posteritatis
413 1275 536 1333 avaritia
556 1293 607 1332 sua
627 1277 784 1344 sustulisse,
798 1276 942 1333 arationes
957 1280 987 1332 et
1000 1263 1099 1349 agros

218 1374 379 1450 vectigales
392 1357 522 1431 vastasse
540 1379 626 1448 atque
645 1374 821 1442 exinanisse,
835 1374 928 1448 ipsum
942 1363 1083 1432 makimos

218 1477 351 1546 quaestus
372 1473 546 1544 praedasque
567 1471 686 1527 secisse:
707 1472 853 1546 intelliget
872 1489 971 1531 secum
986 1478 1083 1530 actum

218 1588 283 1626 esse
297 1570 431 1642 pessime,
445 1569 531 1626 istum
555 1575 651 1626 autem
674 1587 786 1627 summo
807 1571 948 1644 supplicio
963 1571 1084 1645 dignum

167 1671 204 1734 sl
219 1667 407 1726 existimabit.
449 1667 536 1724 Unde
551 1685 619 1741 ergo
629 1669 685 1725 hoc
698 1667 824 1743 intelligi
838 1667 956 1742 potest?
975 1688 1013 1727 ex
1027 1671 1083 1726 hoc

218 1766 356 1834 maxime,
380 1767 455 1841 quod
482 1784 551 1840 ager
574 1767 749 1824 decumanus
770 1767 938 1841 provinciae
964 1767 1086 1826 Siciliae

218 1871 335 1940 propter
348 1865 429 1922 istius
446 1866 599 1922 avaritiam
620 1866 748 1923 desertus
768 1872 821 1924 est.
842 1884 935 1940 neque
948 1867 979 1924 id
993 1869 1086 1924 solum

153 1991 156 1997 ·
219 1964 336 2031 accidit,
356 1963 429 2019 ¹⁸uti
449 1963 543 2019 minus
565 1962 662 2019 multis
680 1965 759 2036 jugis
785 1970 908 2032 ararent,
931 1965 957 2021 si
981 1965 1030 2040 qui
1053 1965 1086 2022 in

218 2061 294 2134 agris
308 2063 521 2128 remansemnt;
542 2062 592 2116 sed
609 2061 705 2128 etiam,
720 2065 751 2118 ut
771 2064 904 2134 permulti
925 2065 1086 2136 locupletes

218 2159 360 2225 homines,
373 2157 470 2229 magni
485 2163 515 2216 et
529 2157 598 2214 navi
617 2163 751 2227 aratores,
769 2158 880 2234 ¹⁹agros
894 2164 1016 2219 lutosae
1031 2162 1085 2218 t'er·

219 2258 286 2316 tiles
299 2259 474 2341 desererent,
484 2261 614 2331 totasque
628 2258 771 2315 arationes
785 2259 1025 2334 derelinquerent.
1048 2259 1086 2317 ld

219 2357 293 2414 adeo
307 2356 374 2412 sciri
388 2355 525 2413 facillime
546 2360 640 2428 potest
660 2375 699 2414 ex
718 2357 822 2414 litteris
843 2359 966 2431 publicis
980 2357 1086 2416 civita·

219 2460 290 2523 tum,
301 2455 450 2527 propterea
458 2454 532 2528 quod
548 2456 611 2527 lege
622 2455 781 2513 Hieronica
794 2475 927 2514 numerus
941 2462 1087 2514 aratorum

220 2552 372 2630 quotannis
387 2553 462 2626 apud
475 2553 656 2626 magistratus
670 2555 785 2626 publice
799 2555 992 2612 subscribitur.
1028 2557 1087 2612 Re·

220 2654 279 2714 cita
304 2653 430 2720 tandem,
454 2655 522 2726 quot
543 2653 689 2725 acceperit
713 2658 838 2710 aratores
861 2655 922 2728 agri
945 2652 1089 2711 Leontini

219 2753 337 2812 Verres.
365 2751 387 2784 ²⁰
400 2769 555 2808 cxxxvru.
580 2757 648 2825 quot
675 2769 752 2810 anno
777 2751 863 2809 tertio
889 2753 1087 2825 profiteantur.

249 2907 269 2940 ¹⁸
284 2905 404 2951 climinas
418 2929 427 2937 ·
441 2929 451 2938 ·
465 2904 572 2962 orarent]
601 2905 660 2949 lidd.
671 2909 726 2949 vett.
741 2905 824 2952 habent
841 2907 876 2952 uti
884 2906 909 2951 ti
922 2932 932 2941 -
945 2910 1017 2952 urent.
1029 2905 1090 2952 alte·

220 2980 268 3012 rnm
277 2967 342 3010 recte
352 2965 385 3006 est
393 2965 500 3006 mutatum
509 2960 531 3004 in
540 2965 635 3004 irrorent.
646 2961 739 3005 alterurn
747 2964 803 3007 forte
813 2969 836 3008 et
845 2963 916 3023 ipsum
926 2968 1009 3010 rectum
1019 2983 1023 3009 :
1035 2979 1090 3010 nem

220 3027 245 3069 et
255 3021 299 3067 alia
307 3020 370 3076 hujus
380 3021 463 3066 formae
472 3018 497 3062 lu·
510 3043 520 3051 -
558 3017 616 3074 atqui
625 3018 727 3076 exemplo
736 3019 798 3064 nobis
807 3021 907 3068 videmur
917 3023 1036 3082 reperisse:
1047 3027 1092 3070 aut

219 3083 277 3128 torte
288 3080 312 3125 lrs'
322 3080 404 3124 factum
414 3091 440 3122 ex
448 3076 482 3130 in,
493 3075 551 3135 quod
561 3075 715 3120 Hotomannus
723 3077 774 3122 addi
781 3079 878 3124 volebat.

251 3160 271 3192 ro
285 3171 349 3216 agros
359 3157 412 3208 ditas
420 3151 557 3212 aasentias]
581 3149 734 3221 ¹Restituimus
744 3161 842 3203 veterem
857 3156 973 3205 lectionem
984 3162 1038 3207 lotos
1046 3175 1093 3222 pro

221 3220 292 3272 laetos
303 3215 361 3278 quod
372 3213 490 3260 aGrutero
500 3213 540 3262 est,
551 3225 587 3278 qul
597 3225 646 3268 eum
657 3214 785 3274 scripturam
795 3231 842 3263 esre
851 3217 905 3264 dicit
914 3220 1051 3279 quomndnm
1062 3218 1093 3265 li-

222 3277 312 3322 brorum
322 3295 326 3320 :
344 3272 466 3335 probatque
474 3268 589 3314 Graevius.
622 3271 666 3316 Sed
676 3275 728 3321 lator
737 3276 815 3322 melius
824 3277 931 3323 consentit
941 3277 1029 3336 unguis
1038 3291 1095 3323 arn-

221 3334 312 3388 bridus,
323 3338 346 3379 et
358 3334 421 3403 laetor
431 3337 464 3378 est
473 3343 646 3400 marrusrrgar,
657 3349 721 3395 quam
731 3347 772 3395 pro
782 3336 891 3393 hocloco,
901 3349 941 3382 nec
950 3336 979 3381 ad
988 3336 1093 3382 indolem

220 3405 322 3450 agrorum
333 3397 435 3452 pertinet.

248 3471 271 3502 ²⁰
287 3485 396 3517 nxrxvrrr
412 3498 422 3506 -
435 3498 445 3508 ·
460 3475 549 3534 narn]
577 3475 621 3521 Per
630 3474 691 3532 sigua
709 3487 810 3520 numeros
826 3472 917 3534 exprimi
927 3472 1050 3519 curavimus
1059 3476 1091 3520 ut

219 3532 254 3575 eat
261 3527 284 3574 in
292 3529 335 3574 edd
354 3545 387 3588 pr.
397 3532 518 3579 elucteris:
537 3549 588 3580 nem
597 3533 727 3579 Ciceronem
737 3531 846 3593 scripsisse
853 3533 970 3592 explanate
977 3532 1090 3589 octogim

219 3593 270 3645 octo,
280 3588 387 3646 scopulo
397 3595 480 3649 septem,
491 3606 534 3639 non
548 3591 670 3640 credimusr
691 3590 742 3654 quia
757 3590 813 3640 berre
826 3591 896 3640 latine
911 3589 992 3638 didas
1004 3590 1091 3640 cicade
