2486 4212
54 251 76 288 fl
241 317 302 376 120
574 307 609 356 ur
622 303 766 356 VERREM

238 455 338 516 aenda
351 457 486 528 exempla
498 453 655 522 delectant,
668 451 736 527 quid
750 447 881 512 fecerim.
915 447 1001 515 itane
1014 445 1104 510 essct
1146 457 1150 466 '

239 556 277 628 Q·
293 555 412 616 Catulus
436 554 578 612 lrumsnto
602 557 645 610 est
667 567 743 618 usus,
757 547 983 622 pecuniamnou
996 544 1102 620 coegit.

239 653 273 716 Ρ.
290 653 431 712 Servilius
447 651 673 728 quinquennium
693 647 836 706 exercitui
859 663 926 704 cum
948 649 1102 718 praeesset,

238 755 270 812 st
282 752 339 810 ista
351 752 463 810 ratione
473 749 711 808 innumerabilem
722 746 876 820 pecuniam
887 743 984 802 lacere
998 746 1103 816 posset.

239 867 300 909 nou
320 849 420 908 statuit
442 849 498 908 sibi
518 847 672 922 quidquam
695 845 793 910 licere,
813 844 889 919 quod
910 859 970 900 non
994 847 1103 914 patrem

239 965 331 1016 suum,
349 964 407 1006 non
427 963 515 1004 avum
540 946 577 1016 Q.
600 944 753 1002 Metellum
774 942 870 998 lacera
889 940 1020 996 vidisset.
1068 939 1103 998 G.

239 1045 348 1105 Verres
359 1044 524 1118 reperietur,
534 1044 593 1116 qui,
603 1043 677 1118 quod
692 1041 839 1112 expediat,
852 1037 883 1094 id
901 1037 991 1094 licere
1004 1032 1103 1096 dicati

238 1144 314 1218 quod
329 1159 424 1210 nemo,
435 1141 492 1198 nisi
506 1141 660 1212 improbus,
669 1137 780 1206 lecerit,
789 1136 820 1193 id
834 1135 956 1195 aliorum
969 1136 1103 1208 exemplo

239 1259 271 1298 se
294 1239 397 1298 fecisse
421 1235 578 1298 defendat?
613 1238 663 1296 At
686 1235 718 1294 in
740 1234 843 1295 Sicilia
864 1233 1027 1304 factitatum
1051 1236 1102 1293 est.

187 1341 224 1399 91
242 1339 324 1412 Quae
346 1342 391 1395 est
414 1337 470 1394 ista
493 1334 623 1392 conditio
646 1330 789 1392 Siciliae?
819 1348 880 1400 cur,
900 1349 971 1406 quae
995 1331 1103 1406 optimc

233 1439 310 1512 iure,
325 1441 440 1510 propter
460 1439 643 1500 vetustatem,
662 1431 839 1500 fidelitatem,
863 1429 1104 1504 propinquitatem

239 1553 304 1594 cese
317 1531 488 1598 debet,huic
503 1531 659 1604 praecipua
670 1531 719 1588 lex
732 1529 853 1602 iujurim
867 1525 1022 1586 delinitur?
1044 1528 1102 1602 Sed

240 1632 273 1688 in
296 1631 352 1688 ieta
373 1629 436 1702 ipsa
456 1628 568 1696 Sicilia,
591 1644 809 1702 nonsquacram
830 1629 995 1700 exemplum
1018 1626 1103 1684 loris:

239 1729 297 1788 hoc
312 1729 375 1802 ipso
398 1745 436 1784 ex
458 1727 581 1784 consilio
604 1731 667 1783 utar
688 1726 841 1798 exemplis.
881 1724 938 1783 ⁶0.
954 1724 1104 1794 Marcelle,

241 1833 271 1888 te
285 1829 409 1902 appello.
452 1826 572 1884 Siciliae
586 1824 762 1899 provinciae,
776 1841 843 1882 cum
866 1841 944 1882 esses
965 1841 1018 1896 pro
1038 1840 1104 1882 con·

242 1930 314 1998 sule,
330 1923 484 2000 praefuisti.
526 1925 691 1996 Numquae
705 1923 736 1980 in
751 1930 800 1980 tuo
814 1923 934 1998 imperio
953 1921 1103 1996 pecuniae,

242 2021 474 2088 cellaenomine‚
487 2026 607 2092 coactae
621 2018 707 2078 sunt?
734 2039 828 2096 neque
851 2040 906 2095 ego
927 2023 982 2078 lroc
1003 2021 1036 2078 io
1057 2027 1105 2078 tua

241 2121 327 2180 laude
344 2137 429 2192 pono.
444 2119 501 2176 alia
514 2125 580 2175 sunt
594 2124 642 2174 tua
653 2120 739 2185 lacta.
753 2124 838 2194 atque
852 2119 983 2185 consilia,
996 2136 1106 2178 summa

242 2219 327 2275 laude
341 2217 447 2292 digna:
467 2217 568 2292 quibus
581 2216 662 2286 illam
683 2222 712 2274 tu
731 2218 912 2290 provinciam
924 2219 1063 2276 afflictam
1076 2223 1106 2276 et
1219 2285 1220 2290 .

243 2317 385 2390 perditam
401 2315 519 2374 erexisti
530 2321 614 2390 atque
628 2316 773 2374 recreasti.
785 2334 852 2374 uam
866 2318 921 2374 hoc
934 2318 1057 2374 decella
1070 2334 1107 2374 ue

243 2415 372 2488 Lepidus
382 2414 497 2486 quidem
511 2414 627 2482 lecerat,
638 2414 686 2471 cui
701 2419 730 2471 tu
744 2415 918 2472 successisti.
947 2416 1031 2488 Quae
1040 2419 1108 2474 sunt

243 2513 297 2571 tibi
311 2512 397 2585 igitur
411 2513 544 2584 exempla
565 2512 596 2570 in
618 2513 720 2570 Sicilia
744 2515 847 2582 cellae,
866 2514 891 2572 si
915 2515 971 2571 boc
995 2515 1107 2572 cumea

242 2629 302 2669 non
317 2611 402 2668 modo
417 2609 551 2668 Marcelli
565 2610 652 2679 lacto,
662 2613 712 2668 sed
725 2631 764 2670 ne
778 2613 884 2688 Lepidi
896 2613 1011 2686 quidem
1027 2617 1107 2686 potes

242 2705 422 2768 detenderet
461 2710 510 2768 An
534 2726 581 2767 me
603 2712 640 2766 ad
664 2711 706 2768 M.
730 2711 854 2768 Antonii
876 2711 1108 2771 aestimationem

244 2807 389 2875 immenti,
413 2806 652 2882 exactionemque
676 2809 817 2882 pecuniae
844 2814 1029 2866 revocaturus
1051 2802 1109 2866 esi

244 2907 300 2970 lta,
315 2904 416 2977 inquit,
427 2905 463 2960 ad
479 2905 522 2960 M.
534 2907 666 2964 Antonii.
681 2909 736 2964 hcc
751 2909 830 2965 euim
843 2908 915 2966 mihi
928 2909 1108 2982 significasse

243 3006 274 3058 et
295 3000 430 3058 annuisse
445 3000 524 3058 visus
546 3007 599 3058 est.
639 3004 687 3060 Ex
708 3006 878 3063 omnibusne
901 3007 989 3080 igitur
1010 3003 1110 3080 populi

244 3099 371 3158 Romani
389 3097 400 3129 ⁰
416 3099 600 3172 praetoribus,
618 3102 791 3172 consulibus,
815 3105 1043 3180 imperatoribus,
1066 3103 1111 3162 M.

274 3253 286 3288 ὅ
300 3253 328 3324 (3.Ι
337 3253 443 3323 Marcelle
452 3279 479 3288 --
490 3267 539 3300 cnm
550 3269 602 3300 essen
607 3270 649 3312 pro
658 3257 762 3326 consata]
788 3255 814 3304 C.
826 3257 949 3304 Marcellus
958 3271 999 3326 pro
1008 3260 1116 3326 prsetore

285 3311 341 3359 elurt
351 3313 441 3358 Siciliae
451 3328 471 3358 a.
483 3328 504 3359 u.
517 3313 628 3360 IlLXXV
667 3315 724 3365 Quia
740 3315 775 3362 luc
789 3331 872 3377 procos.
889 3317 1009 3377 praefuisse
1024 3315 1116 3370 duntur,

243 3328 333 3425 i'izbius
350 3373 377 3416 nd
395 3373 414 3416 il.
428 3385 448 3416 n.
460 3371 588 3432 suspicatur,
601 3389 651 3418 eum
661 3387 687 3418 ex
697 3373 745 3431 legs
755 3373 858 3421 Cornelia
869 3375 985 3435 imperium
994 3387 1117 3435 proconsu-

243 3428 444 3534 ffi'halggisfflt
459 3429 514 3475 alios
531 3437 579 3491 post
595 3433 658 3478 illam
675 3433 753 3490 legem,
765 3432 805 3478 etsi
815 3433 904 3494 proprie
912 3449 954 3494 pro
963 3438 1071 3492 praetore
1082 3446 1118 3477 cs·

244 3542 329 3591 vinciae
338 3559 377 3600 pro
389 3502 475 3591 conscie
484 3549 608 3606 praefuisti.

274 3616 446 3677 emaculatis,
469 3627 610 3686 consulitur]
639 3626 675 3673 liic
687 3627 754 3684 edidi,
772 3634 797 3675 ut
816 3635 850 3678 eat
868 3630 892 3678 in
910 3630 961 3678 edd.
982 3625 1122 3680 veterini!-

250 3678 424 3729 encaustum
433 3687 483 3754 post
492 3695 506 3728 e
515 3682 562 3732 Ms.
573 3685 597 3732 N
600 3685 658 3732 auidi
667 3686 751 3734 editam
762 3692 802 3736 est.

469 3487 538 3534 bruris
557 3490 686 3537 insolentior
702 3497 748 3538 est:
765 3491 865 3538 usitatius
875 3493 943 3539 soret:
964 3492 1118 3548 Sicilicspro-
