2486 4212
202 355 263 416 182
533 353 725 403 ravennam

198 500 319 558 etulerit.
371 499 511 575 Magnum
532 501 634 560 videor
654 502 769 560 dicere:
801 496 943 556 attendite
965 495 1064 564 etiam,

197 599 436 672 quemadmodum
449 600 555 658 dicam.
595 601 665 658 Non
686 599 765 657 enirn
786 597 878 664 verbi,
899 612 992 670 neque
1007 591 1062 651 cri·

135 749 140 758 .
197 695 284 776 minis
307 699 431 772 augendi
453 715 541 757 causa
562 699 738 772 complector
760 697 867 754 omnia.
893 710 961 752 cum
985 691 1063 760 dico,

197 793 271 853 nihil
281 796 368 854 istum
378 797 517 872 ejusmodi
527 791 620 855 rerum
630 796 661 856 in
671 801 733 855 tota
743 793 895 870 provincia
903 791 1063 868 reliquisse,

196 893 304 952 Latine
327 911 384 963 me,
404 895 517 964 scitote,
540 913 600 956 uon
623 896 802 954 accusatorie
826 893 913 968 loqui.
962 891 1062 948 Etiam

196 993 325 1066 planius:
346 994 419 1051 nihil
440 993 472 1051 in
493 995 611 1051 aedibus
632 993 809 1068 cujusquam,
828 1011 871 1052 ne
890 991 923 1048 ia
945 987 1060 1062 oppidis

196 1090 328 1166 quidem:
348 1091 422 1149 nihil
436 1092 467 1150 in
481 1093 554 1150 locis
573 1093 782 1160 communibus,
796 1109 834 1149 ne
853 1090 885 1148 in
904 1087 979 1146 lanis
998 1085 1059 1161 qui-

194 1189 278 1246 dem:
300 1189 374 1248 nihil
395 1192 470 1264 apud
493 1190 633 1260 Siculum,
645 1191 720 1250 nihil
741 1192 816 1265 apud
835 1189 934 1248 civem
953 1187 1058 1244 Roma·

194 1304 273 1356 num,
286 1288 410 1364 denique
425 1289 498 1347 nihil
511 1290 607 1360 istum,
620 1291 695 1365 qued
709 1292 746 1348 acl
763 1291 861 1347 oculos
875 1287 1058 1361 animumque

193 1383 343 1455 acciderit,
356 1405 449 1461 neque
462 1387 578 1461 privati,
592 1407 688 1463 neque
699 1387 817 1464 publici,
830 1404 923 1462 neque
936 1382 1058 1460 profani,

194 1501 287 1558 neque
301 1485 386 1552 sacri,
397 1490 460 1542 tota
472 1485 503 1543 in
518 1485 622 1543 Sicilia
634 1485 792 1561 reliquisse.

233 1583 320 1638 Unde
334 1581 421 1656 igitur
432 1583 526 1656 polius
548 1582 695 1658 incipiam,
710 1600 795 1658 quarn
812 1584 849 1640 ab
871 1599 908 1639 ea
925 1580 1058 1649 civitate,

192 1695 265 1754 quae
279 1679 333 1736 tibi
346 1699 403 1737 una
417 1680 447 1738 in
461 1699 557 1738 amore
571 1687 656 1756 alque
669 1682 701 1740 in
722 1681 837 1740 deliciis
859 1677 935 1740 suit?
955 1684 1005 1738 aut
1017 1696 1057 1736 ex

192 1795 248 1852 quo
262 1779 356 1852 potius
369 1798 496 1849 numero,
510 1793 595 1857 quarn
618 1800 657 1840 ex
678 1780 748 1856 ipsis
769 1780 963 1840 laudatoribus
977 1775 1057 1836 tuis?

191 1876 306 1936 facilius
318 1876 397 1937 anim
417 1879 613 1954 perspicietur,
627 1882 717 1956 qualis
739 1881 814 1954 apud
832 1896 882 1937 eos
896 1874 992 1945 fueris,
1005 1875 1055 1952 qui

191 1980 222 2032 te
236 1978 366 2044 oderunt,
380 1978 428 2051 qui
442 1984 590 2048 accusant,
603 1969 651 2052 qui
672 1983 886 2054 persequuntur,
900 1993 967 2034 cum
980 1975 1057 2049 apud

192 2078 255 2130 tuos
271 2073 458 2131 Mamertinus
472 2075 623 2133 inveniare
643 2076 854 2149 improbissima
867 2075 978 2133 ratione
992 2091 1056 2132 essa

160 2171 352 2244 ipraedatus.
404 2171 438 2228 (l.
462 2171 553 2245 Hejus
577 2177 622 2230 eet'
648 2173 840 2232 Mamertinus
861 2170 976 2250 (omnes
999 2173 1057 2229 hoc

192 2268 263 2326 mihi
277 2347 280 2358 Ι
292 2269 378 2327 iacile
400 2272 572 2339 concedent,
598 2271 647 2346 qui
666 2271 836 2330 Messanam
859 2265 1059 2348 accesserunt)

191 2369 323 2426 omnibus
343 2371 427 2426 rebus
446 2368 478 2427 in
497 2370 549 2427 illa
569 2370 691 2429 civitate
712 2370 919 2429 ornatissimus.
963 2369 1057 2442 Hujus

191 2459 292 2524 domus
310 2473 355 2524 est
378 2470 427 2524 vel
448 2467 559 2541 optima
579 2469 744 2537 Messanae,
767 2469 918 2529 notissima
940 2467 1058 2542 quidem

135 2629 142 2646 ⁸
191 2571 280 2634 certe,
301 2570 331 2623 et
350 2564 454 2626 nastris
477 2567 640 2626 hominibus
660 2567 848 2641 apertissima,
872 2565 1056 2640 maximeque

192 2663 351 2739 hospitalis.
390 2665 437 2724 Ea
449 2667 549 2724 domus
559 2671 627 2725 ante
637 2668 797 2725 adventum
806 2664 889 2724 istius
899 2663 943 2723 sic
954 2666 1057 2722 ornata

190 2764 253 2832 suit,
274 2768 306 2823 ul
323 2764 385 2823 urbi
400 2782 510 2840 quoque
524 2771 600 2823 esset
616 2769 795 2824 ornamento.
819 2781 888 2824 nam
900 2762 965 2839 ipsa
978 2762 1057 2820 Mes·

190 2879 271 2930 sana,
282 2861 374 2936 'quae
385 2863 454 2932 situs
464 2865 623 2932 moenibus,
636 2868 774 2941 portuque
787 2867 888 2922 ornata
900 2861 947 2929 sit,
961 2861 998 2920 ab
1009 2858 1056 2916 his

91 2943 99 2962 ¹
190 2961 284 3025 rebus,
308 2960 409 3032 quibus
423 2959 477 3017 isle
496 2962 664 3030 delectatur,
685 2981 756 3020 sane
769 2978 864 3020 vacua
875 2965 961 3034 atque
978 2958 1057 3016 nuda

193 3061 248 3114 est.
290 3056 362 3114 Erat
381 3059 455 3130 apud
470 3058 577 3130 llejum
590 3060 745 3118 sacrarium
763 3058 947 3135 magnacum
962 3055 1055 3138 digni-

191 3159 251 3213 tate
271 3153 302 3215 iu
318 3155 446 3224 aedibus,
460 3174 478 3214 a
498 3157 651 3230 majoribus
662 3160 815 3227 ‚traditum
837 3156 1055 3232 perantiquum:

190 3256 221 3313 in
243 3275 299 3333 quc
319 3256 402 3332 signa
426 3257 616 3331 pulcherrima
637 3264 764 3334 quatuor,
791 3274 902 3316 summo
919 3251 1052 3318 artificia,

189 3371 299 3412 summa
319 3355 487 3414 nobilitate:
511 3375 584 3431 quae
598 3375 656 3416 uun
678 3359 764 3416 mado
785 3358 871 3417 isium
894 3353 1052 3418 honinem»

219 3505 229 3539 ¹
243 3508 390 3578 mamm
404 3489 577 3572 p.maum.]'
604 3511 748 3558 llocractum
759 3525 860 3561 essenon
877 3516 958 3576 potest.
973 3527 1055 3576 nempe

182 3579 244 3625 ,quas
253 3569 289 3614 ert
296 3571 406 3626 vinosum,
419 3568 579 3630 legendumque
588 3583 666 3630 qun,
675 3577 716 3617 rut
724 3571 830 3630 mair.
