2486 4212
235 347 297 409 rao
566 303 763 396 juvamem

233 495 287 550 tur.
326 489 357 525 ¹⁸·
368 491 526 567 Proagoms
541 491 627 549 refert
648 509 708 548 rem
723 489 759 545 ad
773 487 921 544 senatum:
942 481 1102 540 vehemen-

233 595 278 648 ter
298 589 423 666 undique
447 593 628 649 reclamatur.
653 605 691 646 ne
712 589 818 644 multa:
847 583 951 640 iterum
972 579 1027 639 iste
1050 581 1103 640 ali·

232 695 342 764 quanto
354 678 419 763 post
431 691 469 747 ad
487 689 552 746 illos
567 689 658 756 venit,
672 685 782 760 quaerit
802 681 942 741 contiuuo
955 681 992 737 de
1005 681 1102 754 signo.

232 789 420 861 respondetur
445 788 483 855 ei,
510 791 640 844 senatum
672 803 730 842 non
757 781 940 857 permittere:
974 795 1103 852 poenam

233 887 337 959 capitis
350 887 546 953 constitutam,
560 885 585 942 si
605 884 716 957 injussu
735 884 852 939 senatus
872 878 1018 954 quisquam
1032 876 1104 934 atti·

233 985 340 1061 gisset:
374 985 459 1042 simul
490 984 593 1057 religio
619 983 866 1040 commemoratur.
918 977 994 1033 Tum
1018 975 1102 1031 istee

232 1101 318 1160 quam
330 1083 402 1140 milri
423 1081 592 1156 religionem
604 1077 724 1138 uanas?
744 1094 829 1154 quam
847 1071 990 1149 poenam?
1009 1089 1101 1146 quem

233 1179 387 1239 senatum?
407 1181 510 1238 vivum
530 1185 560 1238 te
581 1197 641 1237 non
662 1178 837 1252 relinquam:
858 1173 983 1232 moriere
996 1171 1101 1246 virgin

232 1279 291 1337 uisi
304 1279 418 1354 signum
432 1277 559 1337 traditur.
603 1279 725 1351 Sopater
738 1277 841 1334 iterum
855 1274 927 1330 dens
944 1269 1000 1328 ¹ad
1015 1288 1099 1327 sena-

195 1367 198 1370 ’
233 1383 294 1438 tum
316 1377 417 1445 desert,
430 1376 512 1436 istius
533 1377 721 1450 cupiditatem
742 1375 890 1448 minasque
910 1372 1098 1429 demonstrat.

235 1478 360 1536 Senatus
376 1478 499 1549 Sopatro
509 1465 796 1549 responsum‘nullum
806 1475 865 1542 dat,
876 1473 927 1529 sed
937 1474 1100 1528 commotus

233 1577 467 1648 perturbatusque
477 1573 610 1631 discedit.
644 1575 700 1632 llle
712 1571 852 1647 praetoris
863 1570 1015 1628 arcessitus
1026 1586 1098 1626 nun·

233 1671 283 1739 tio,
307 1689 369 1729 rem
388 1673 582 1728 demonstrat:
614 1681 702 1746 negat
727 1673 788 1729 ullo
811 1671 897 1728 modo
920 1669 982 1728 lieri
1001 1684 1096 1742 posse.

180 1741 223 1802 4⁰
235 1755 333 1846 Atqde
353 1771 427 1829 haee
440 1767 528 1849 (nihil
550 1771 629 1829 enim
650 1770 935 1845 praetermittendum
955 1769 992 1824 de
1014 1765 1097 1824 istius

233 1869 413 1945 impudentia
427 1867 553 1948 videtur)
567 1873 725 1945 agebantur
737 1870 768 1928 in
782 1873 930 1928 conventu
943 1867 1049 1941 palam,
1059 1866 1096 1923 de
1117 1880 1123 1891 ·

233 1970 315 2037 sella,
329 1986 364 2026 ac
378 1971 414 2026 de
428 1971 494 2026 loco
507 1970 659 2043 superiore.
701 1969 772 2028 Erat
784 1969 877 2026 hiems
891 1983 1010 2034 summa,
1026 1970 1097 2022 tem-

233 2071 339 2140 pestas,
353 2074 385 2123 ut
397 2068 490 2139 ipsum
507 2069 659 2140 Sopatrum
671 2066 769 2126 dicere
782 2066 911 2135 audistis,
925 2063 1095 2140 perfrigida:

132 2191 142 2202 ·
233 2164 325 2222 imber
337 2164 498 2222 maximus:
519 2181 585 2223 cum
605 2166 659 2223 iste
679 2166 802 2240 imperat
822 2165 979 2233 lictoribus,
998 2169 1029 2220 ut
1045 2163 1097 2220 So·

233 2266 345 2338 patrum
358 2264 395 2321 de
409 2263 529 2337 porticu,
538 2264 569 2322 in
580 2281 635 2340 qua
645 2265 707 2339 ipse
721 2266 849 2335 sedebat,
865 2261 1097 2342 praecipitemin

234 2361 325 2420 lorum
339 2361 487 2436 dejiciant,
511 2360 692 2438 'nudumque
710 2363 896 2422 constituant.
936 2359 1022 2420 ³Vix
1035 2363 1098 2418 erat

233 2461 290 2519 hoc
314 2464 400 2534 plane
425 2461 513 2519 etiam
539 2462 718 2536 imperatum,
739 2480 805 2520 cum
828 2462 910 2520 illum
933 2460 1097 2535 spoliatum,

233 2559 425 2635 stipatumque
439 2560 587 2620 lictoribus
605 2559 727 2620 videres.
747 2578 847 2620 omues
860 2560 927 2618 ideo
948 2559 1098 2634 putabant,

261 2712 293 2748 ¹⁰⁰
308 2713 437 2774 ngmsa
450 2715 520 2775 effert
528 2717 593 2777 rena]
625 2715 672 2766 Me.
683 2716 726 2766 (iu.
737 2730 781 2764 nou
790 2714 996 2773 habetmrgms.

261 2793 341 2840 ¹ods.
354 2796 432 2854 Μαι,
447 2796 483 2841 ist.
500 2810 518 2842 c.
534 2811 563 2842 m.
579 2793 729 2865 demonstrat]
760 2795 797 2842 Sic
805 2795 853 2841 inte
879 2793 1000 2842 unsihuue
1013 2793 1096 2848 luam,

231 2850 646 2959 itttrllitllibblb‘it‘ffl
663 2859 734 2972 tl*
806 2851 1099 2960 ilabebat

519 2947 524 2956 .
588 2928 679 2960 ,reme
701 2929 725 2960 er
750 2928 768 2960 a.
783 2929 814 2960 m.
961 2946 966 2958 .

233 2970 333 3012 senatum
343 2967 425 3014 habeut
435 2983 509 3036 omnes
517 2970 567 3017 edd.
587 2977 643 3020 vett.
658 2975 682 3018 et
691 2918 749 3020 Mati.
781 2971 832 3020 Dici
845 2976 920 3042 potest
932 2913 1024 3030 mig
1030 2975 1098 3016 etre-

225 3023 293 3092 serre
306 3024 336 3069 ad
352 3038 396 3072 sen.
430 3025 456 3072 ln
470 3026 511 3072 ullo
527 3032 561 3096 est
576 3029 665 3098 proprie
680 3045 693 3076 e
746 3029 788 3076 itio
802 3032 863 3088 raab,
873 3045 940 3093 super
953 3044 999 3090 quo
1015 3029 1098 3076 deiude

233 3080 412 3129 deliberandum:
428 3083 470 3128 hoc
480 3089 578 3144 pertinet
588 3091 655 3133 stram
664 3045 892 3136 ad'i'ffliberationem.
924 3089 986 3146 Ergo
993 3088 1051 3136 illud
1060 3086 1098 3132 hie

232 3139 306 3186 locum
315 3141 383 3211 habet
396 3155 439 3188 uon
449 3141 519 3189 minua
529 3158 594 3204 quam
604 3145 653 3200 hoc,
669 3153 692 3192 et
701 3147 747 3205 ejus
757 3149 858 3208 exempla
875 3147 955 3208 passim
970 3149 1096 3193 occurmnt.

232 3212 255 3267 y.
266 3199 330 3268 (ilar.
342 3215 364 3270 ru
374 3201 396 3246 h.
410 3215 431 3246 v.
463 3202 507 3248 Sed
517 3203 570 3264 quia
579 3203 635 3250 dicit
643 3205 734 3261 immane,
744 3210 767 3252 et
782 3211 834 3252 ante
843 3211 892 3253 emt
900 3220 949 3252 rem
956 3207 1033 3264 refert,
1043 3217 1102 3251 saue

232 3258 314 3304 molino
321 3263 344 3305 et
354 3274 401 3329 ipse
410 3261 439 3306 ad
446 3261 522 3320 effert,
533 3264 592 3322 quod
601 3267 625 3309 et
632 3270 665 3310 est
675 3264 697 3310 in
707 3264 750 3312 Gu.
761 3265 800 3311 sed
809 3264 856 3310 sine
864 3280 918 3312 rem.
934 3279 1012 3312 verum
1020 3267 1098 3310 tantm

232 3329 277 3362 non
287 3319 358 3364 audeo
369 3335 391 3365 m
401 3323 485 3368 textum
495 3319 583 3368 inferre.
616 3323 658 3370 lile
667 3323 714 3370 Ms.
725 3323 793 3370 etiam
803 3323 871 3370 habet
881 3323 1016 3381 cupiditates.

261 3394 274 3426 ²
288 3397 418 3456 necdumque
432 3399 574 3471 medicant]
591 3401 630 3472 int.
647 3403 706 3507 afud
723 3417 754 3459 se,
774 3403 833 3471 quod
843 3403 916 3460 esuri
925 3400 993 3448 verbo
1002 3397 1100 3460 intelligi

231 3455 314 3514 potest,
324 3455 383 3514 quod
398 3457 426 3502 ad
435 3457 515 3512 locum,
524 3459 561 3506 ubi
570 3460 658 3508 tribuna
676 3466 731 3518 erat,
741 3465 846 3522 pertinet.

263 3529 675 3603 ³V1‘feeratsseo‘emimpmtmr.
723 3536 1096 3588 amueretomevimells

236 3592 497 3650 rea-cummanum
528 3595 635 3647 Arbitror
744 3599 899 3662 aliquamvim
908 3597 1010 3658 augendi.
