2460 4200
216 337 259 399 ιιι
555 332 748 384 musanen

216 473 399 538 te'tlosnelii.
439 477 589 540 Videbunt
604 481 812 556 Agyrinenses,
828 481 964 558 quidquid
979 481 1016 538 ad
1027 497 1082 560 eos

214 583 430 650 recuperatores
445 581 591 653 Apronius
605 582 756 648 attulisset,
770 581 851 638 illum
866 581 1003 654 perfacile
1018 595 1079 651 prc-

214 676 356 734 bsturum.
377 679 565 737 condemnari
586 695 653 736 cum
674 679 756 736 istius
778 678 890 736 invidia
903 678 1081 750 infamiaque

214 775 372 846 malebant,
380 795 464 852 quam
473 780 509 835 ad
518 778 578 850 ejus
589 777 770 836 conditiones
781 777 984 850 pactionesque
996 792 1080 832 acce·

213 873 293 930 dere.
328 875 522 947 Quaerebant,
533 875 647 950 quaein
659 877 748 932 verba
761 880 972 947 recuperatores
987 876 1079 930 daret.

215 969 430 1044 impendebat,
456 991 484 1030 ιι
510 991 663 1042 rnnnnnn,
683 991 842 1032 inversus
866 989 1005 1030 anserum
1028 989 1080 1029 rn-

214 1087 318 1128 crssa:
337 1069 360 1104 ⁵⁵
368 1089 441 1146 quae
455 1072 609 1144 injudicio
621 1073 763 1130 dicturum
777 1089 840 1128 esse
854 1071 979 1128 dicebat.
1020 1069 1080 1128 lui·

212 1167 358 1242 quissimis
373 1170 481 1237 verbis,
499 1171 716 1243 improbissimis
737 1168 988 1242 recuperatoribus,
1010 1186 1078 1225 con·
1099 1199 1101 1206 ,

212 1265 316 1324 dictari
331 1269 486 1336 malebant,
500 1285 585 1342 quam
598 1269 750 1343 quidquam
763 1285 830 1326 cum
843 1269 900 1324 isto
911 1283 964 1323 sua
978 1269 1078 1324 vulun-

211 1369 273 1422 tate
291 1366 436 1423 decidere.
487 1367 690 1424 summittebat
713 1367 768 1423 iste
789 1365 1018 1431 Timarchidem,
1031 1363 1080 1438 qui

211 1470 343 1522 muneret
366 1483 425 1530 eos,
446 1464 472 1520 si
496 1471 639 1536 saperent,
652 1469 683 1520 ut
697 1464 895 1538 transigerent.
937 1463 1080 1538 Pernega·

212 1561 292 1617 bant.
344 1562 422 1632 Quid
446 1559 538 1634 ergo?
568 1557 603 1616 ln
627 1561 753 1635 singulos
781 1563 844 1619 H-ts
869 1561 1078 1635 quinquagenis

211 1659 339 1716 millibus
360 1659 490 1716 damnari
513 1658 669 1718 mavultis?
690 1659 780 1718 Malle
801 1661 947 1718 dicebant.
997 1661 1078 1717 Tum

210 1757 267 1814 iste
281 1759 369 1826 clare,
382 1757 516 1816 omnibus
531 1758 722 1826 audientibus,
736 1777 791 1824 utu
805 1777 975 1816 annuarus
990 1777 1076 1826 narr,

140 1913 147 1920 ,
210 1855 316 1931 inquit,
329 1875 432 1914 vrners
447 1873 489 1914 no
504 1875 608 1914 uacans
630 1875 802 1915 cannarum.
845 1858 903 1915 llic
916 1857 960 1914 illi
974 1858 1077 1914 flentes

211 1971 312 2029 rogare
337 1962 423 2029 atque
447 1973 528 2012 orare
553 1963 719 2026 coeperunt,
733 1965 764 2013 ut
786 1957 841 2012 sibi
865 1975 930 2012 suas
954 1962 1076 2029 segetes,

207 2053 374 2124 fructusque
396 2069 505 2117 omues,
526 2053 725 2127 arationesque
745 2072 854 2111 vacuas
879 2054 1009 2128 Apronio
1022 2059 1078 2110 tra·

208 2149 279 2205 dere
293 2145 404 2212 liceret,
417 2151 449 2203 ut
462 2146 517 2220 ipsi
532 2151 596 2208 sine
610 2152 768 2225 ignominia
784 2154 972 2228 molestiaque
983 2153 1074 2210 disce·

209 2245 323 2302 dorent.
365 2245 429 2301 Huc
441 2245 649 2333 lege,judieffl,
659 2253 796 2306 ὀεαιιιιιιιι
812 2253 944 2304 vendidit.
958 2251 1077 2309 Verres.

211 2343 302 2401 Dicat
316 2343 385 2400 lieet
400 2341 581 2409 Hortensius,
601 2341 628 2397 si
648 2344 737 2409 volet,
751 2359 856 2416 magno
870 2345 993 2402 Verrem
1008 2365 1077 2405 ven·

159 2427 200 2487 29
210 2443 327 2500 didisse.
370 2443 452 2499 llaec
466 2427 596 2499 conditio
620 2441 672 2498 luit
697 2441 752 2500 istc
774 2450 904 2515 praetore
925 2453 1076 2518 aratorum,

210 2547 243 2600 ut
255 2559 353 2598 seeum
373 2543 520 2613 praeclare
540 2540 587 2614 agi
607 2540 819 2607 arbitrarentur,
832 2542 858 2598 si
871 2560 978 2601 vacuos
993 2565 1075 2620 agros

212 2641 344 2715 Apronio
359 2643 470 2698 tradere
494 2639 603 2696 liceret.
625 2642 730 2697 multas
745 2639 823 2696 enim
836 2659 936 2700 eruces
952 2646 1077 2718 poposi-

209 2745 255 2799 tns
276 2741 402 2817 effugere
424 2739 588 2814 cupiebant.
609 2747 745 2814 quantum
770 2740 915 2813 Apmnius
936 2745 1076 2801 edidisset

207 2839 318 2906 deberi,
332 2845 443 2896 tantum
467 2857 505 2896 ex
528 2839 627 2896 edicto
645 2840 770 2898 dandum
790 2845 859 2896 erat.
901 2841 1076 2899 Etiamnesi

210 2940 275 3012 plus
298 2936 445 3003 edidisset,
464 2951 548 3009 quam
572 2941 708 3009 quantum
728 2943 826 2992 namna
839 2936 939 2995 esset?
966 2939 1074 2998 Etiam.

210 3032 388 3108 Quomodo?
414 3033 599 3107 Magistratus
621 3049 659 3088 ex
681 3031 771 3104 ipsius
785 3034 882 3090 edicto
895 3034 1012 3108 exigere
1026 3038 1077 3094 de-

210 3135 329 3192 bebant.
371 3133 413 3190 At
435 3137 530 3188 arator
553 3135 683 3204 repetere
703 3135 823 3202 poterat
865 3133 975 3190 Verum
991 3136 1076 3193 Arte-

210 3232 322 3291 midoro
336 3235 542 3305 recuperatore.
573 3231 669 3316 Quid,
683 3229 709 3287 si
724 3229 818 3288 minus
831 3237 925 3289 amtor
937 3233 1075 3304 dedisset,

209 3347 295 3406 quam
317 3331 493 3405 poposcisset
518 3328 684 3403 Apronius?
705 3329 852 3388 ludicium
872 3330 902 3388 iu
931 3337 1075 3391 aratorem

238 3483 260 3517 ⁶³
274 3499 328 3544 qrme
337 3485 364 3531 ιἰι
376 3485 463 3542 judicio
475 3485 590 3533 dicturum
600 3499 641 3530 erse
658 3485 691 3545 ds]
722 3483 785 3531 Haec
795 3487 845 3530 tota
863 3484 1008 3545 appendicula
1018 3485 1074 3532 uribi

208 3542 294 3602 pariter
303 3543 377 3647 squria
386 3546 486 3592 videtur:
502 3545 535 3592 ersi
553 3543 630 3590 similis
647 3558 757 3605 nunquam
775 3541 825 3590 huic
844 3543 952 3588 formulae
967 3544 1071 3590 additur:

209 3615 250 3646 nee
260 3615 286 3647 ea
295 3618 310 3648 u
329 3617 366 3648 um
375 3617 460 3648 sensum
470 3604 608 3653 commodum
617 3603 693 3651 habet.
718 3603 796 3664 ltaque
804 3602 885 3649 trustra
895 3600 918 3649 iu
927 3616 955 3648 ca
964 3603 1077 3662 corrigas«¹

209 3659 239 3706 da
248 3659 378 3710 lsboranmt
386 3660 429 3708 viri
438 3661 505 3710 docti
