2486 4212
405 283 478 333 Ac'l'.
494 283 524 333 ll.
539 283 638 334 idm
651 282 811 338 adstrue.
987 283 1048 344 18⁸

180 427 349 500 habuerant,
369 431 511 507 simplicia
531 429 710 507 quaerebas?
730 429 809 506 Quid
829 425 951 504 posteat
979 425 1050 502 qaid

185 531 303 588 taudem
317 531 372 588 tuis
386 530 488 590 sutuis
500 531 559 588 lore
573 527 771 588 arbitrabare?
791 545 829 586 aa
839 545 911 586 vero
923 526 963 594 ia,
973 525 1050 600 quod
1079 597 1087 604 “

184 626 313 686 aeeiditl
332 629 411 686 Nam
434 629 632 702 Tyndaritani
645 633 771 686 statuam
784 626 876 694 istius,
888 641 975 700 quam
993 621 1050 681 sibi

184 730 298 798 propter
322 725 490 796 Mareellos,
510 727 614 784 altiore
633 725 724 784 etiam
748 725 811 782 basi
831 723 901 798 poni
915 724 1051 797 jusserat,

182 823 376 893 deturbanmt,
389 825 511 884 simulne
524 842 692 884 sueoessom
705 823 756 881 isti
767 821 931 880 audierunt.
969 817 1052 877 'lle-
1061 852 1104 914 42

182 921 227 978 dit
246 921 335 995 igitar
347 923 402 980 tibi
421 924 535 982 fortuna
555 923 719 982 Siculorum
734 923 771 980 (l.
788 921 962 980 Mareellum
976 917 1053 992 judi·

183 1035 260 1086 nem,
272 1024 315 1088 ut,
327 1019 411 1091 eujus
432 1021 469 1076 ad
488 1023 614 1077 abluam
634 1021 736 1090 Siculi,
749 1025 779 1078 te
799 1023 941 1094 praetore,
953 1016 1054 1090 alliga·

184 1117 299 1182 bantur,
309 1115 370 1188 ejus
385 1115 520 1190 religioni
533 1121 563 1174 te
576 1119 701 1175 eundem
711 1119 843 1176 vinetum
854 1115 1054 1174 ⁸adstrictum·

187 1229 245 1286 que
272 1213 450 1274 dederemua
507 1213 556 1272 Ao
582 1213 684 1287 primo,
704 1215 829 1286 jndieea,
856 1217 912 1272 boo
938 1214 1054 1288 signum

187 1310 328 1370 Mercurii
341 1311 460 1368 dicebat
473 1310 529 1366 isto
543 1311 764 1382 Tyndaritanos
779 1312 816 1369 G.
830 1311 973 1368 Mersella
984 1310 1055 1368 huie

186 1408 356 1468 Aesernino
380 1409 567 1466 vendidisse:
596 1412 683 1481 atqua
704 1409 760 1465 boe
784 1425 836 1466 sua
856 1408 1055 1466 mumadam

185 1505 360 1566 Marcellum
374 1505 468 1578 ipsum
481 1507 616 1578 sperabat
628 1522 693 1562 ease
712 1505 872 1564 dioturum:
893 1507 968 1580 quod
981 1505 1055 1564 mibi

186 1622 341 1678 numquam
355 1603 516 1662 verisimile
527 1603 623 1662 visum
635 1605 916 1671 esl,‚adolesaeatem
926 1603 979 1662 illo
989 1605 1055 1662 loeo

186 1707 298 1770 aetam,
315 1707 466 1776 patronam
481 1702 612 1770 Siciliae,
625 1719 733 1760 nomen
751 1720 835 1760 suum
846 1702 897 1760 isti
909 1703 948 1760 ad
960 1709 1051 1762 trana-

188 1800 328 1860 lationem
340 1800 471 1860 oriminis
490 1801 746 1858 commodaturum.
787 1801 999 1858 Verumtamen
1014 1799 1057 1858 ita

190 1918 237 1961 res
258 1899 331 1958 mibi
352 1904 413 1956 tota
432 1896 571 1972 ’provisa
593 1903 680 1973 atque
702 1903 858 1972 praeeanta
880 1902 935 1965 est,
955 1897 1008 1966 nti,
1030 1897 1057 1955 ai

189 1999 318 2058 maxime
333 2002 410 2056 esset
423 1998 572 2064 inventus,
584 1997 635 2071 qui
647 1997 679 2056 in
693 2015 726 2054 se
742 1995 888 2070 suscipere
901 1995 985 2054 istius
998 1998 1058 2054 aul·

145 2120 149 2126 ·
190 2113 257 2170 pam
286 2097 454 2170 arimenque
477 2103 612 2169 cuperet:
640 2101 739 2154 tamen
765 2095 791 2154 is
817 2095 956 2169 proficere
982 2095 1057 2153 nibil

191 2199 297 2268 posset.
318 2211 369 2252 eos
382 2194 462 2258 enim
475 2198 564 2250 testes
582 2193 700 2260 deduxi,
713 2199 744 2252 et
763 2211 814 2252 eas
828 2193 940 2251 litteras
957 2194 1057 2268 dapor·

192 2290 266 2357 lavi,
285 2295 318 2347 ut
336 2292 375 2348 da
395 2290 478 2348 letias
498 2289 576 2348 laeto
598 2290 717 2348 dubium
736 2291 847 2348 nemini
867 2309 932 2348 asse
951 2295 1057 2364 posset.

189 2373 330 2446 Publione
356 2387 470 2444 litterae
495 2393 570 2456 sunt,
593 2388 775 2461 deportatum
794 2405 858 2446 esse
883 2389 1059 2448 Mercurium

191 2485 359 2544 Messanam
377 2490 471 2544 sumtu
493 2486 620 2559 publiea.
639 2486 751 2553 dieunt,
763 2486 882 2560 quanti:
902 2486 1060 2559 praefuisse

190 2583 259 2640 buia
279 2584 398 2658 negotio
421 2582 537 2657 publice
560 2585 688 2656 legatum
709 2584 840 2641 Poleam.
860 2581 952 2658 quid?
971 2583 997 2641 ia
1010 2585 1059 2643 ubi

192 2679 259 2739 est?
278 2686 394 2753 praesto
415 2686 479 2738 est:
499 2680 583 2738 tostis
598 2685 653 2738 est.
674 2680 813 2755 Proagori
835 2680 952 2754 Sopatri
966 2681 1058 2753 jussu

193 2780 267 2851 Quis
281 2783 326 2836 ost
343 2775 419 2835 bie?
438 2777 488 2851 qui
501 2779 538 2836 ad
557 2783 681 2836 statuam
694 2780 847 2838 adstrictus
860 2781 914 2836 est.
956 2776 1060 2850 Quid?

193 2876 219 2934 is
230 2875 281 2932 ubi
294 2873 361 2933 esti
381 2875 463 2932 testis
477 2879 530 2932 est.
553 2875 668 2932 vidistis
681 2876 839 2946 homiaem,
852 2882 882 2934 et
895 2878 985 2934 verba
998 2877 1059 2951 ejus

191 2973 322 3032 audistis.
364 2972 588 3031 Demoliendum
597 2972 712 3030 curavit
723 2973 744 3004 ¹⁰
755 2974 926 3058 Demetrius
941 2992 1060 3049 gymna-

221 3127 234 3160 ⁷
249 3127 320 3174 Dedit
334 3126 409 3184 egum
418 3126 486 3182 libis.
496 3125 531 3188 S.]
562 3125 672 3174 Graevius
690 3140 703 3172 e
719 3126 767 3173 Ma.
779 3141 825 3186 reg.
835 3127 988 3174 additarum:
1003 3125 1025 3171 d.
1041 3126 1058 3172 i.

190 3186 309 3234 eldam.
326 3186 373 3232 Me.
385 3185 430 3232 (iu.
440 3185 612 3242 daditaumr'g.

218 3265 230 3296 ⁸
244 3264 415 3322 amanum
424 3261 548 3322 dedomo]
579 3262 723 3308 Seribendum
732 3262 867 3318 mamm,
877 3277 891 3310 e
900 3260 1000 3321 legitima
1009 3275 1061 3310 con·

180 3322 446 3382 aemtionetemporum.
463 3320 577 3367 deintra:
593 3321 828 3378 dodran-alaone,
838 3321 962 3378 anomala.

208 3399 231 3468 ι’
245 3398 558 3501 moimatqaaeproeoaulass
570 3397 686 3468 'Sieraote
703 3397 774 3444 edidit
793 3413 821 3444 ex
839 3399 890 3446 edd.
903 3403 959 3470 vett
990 3399 1059 3448 Grae

192 3470 248 3514 ram,
258 3458 317 3517 quod
327 3459 456 3502 mrbretmm
469 3456 542 3503 sraela
558 3469 587 3502 ns
596 3461 649 3502 ante
658 3471 681 3502 m
690 3461 786 3502 mentem
795 3461 895 3506 venerat
923 3459 959 3506 Sic
968 3463 992 3505 et
1001 3459 1045 3506 Ga.

222 3533 244 3569 ¹⁰
257 3533 420 3596 Dm]
441 3533 501 3582 lldd.
511 3547 546 3596 pr.
556 3533 640 3584 habent
648 3533 786 3593 Dosaron
793 3540 816 3582 et
824 3535 882 3584 Mas.
890 3550 980 3597 repap.
990 3535 1062 3583 Grae*
