2428 4212
220 295 284 356 234
560 289 596 340 m
609 285 751 340 vlinttlibl

221 435 325 496 Sicilia
347 437 458 496 nullum
479 455 520 514 en
541 437 577 496 iis
600 438 723 512 oppidis,
745 435 778 494 in
800 434 903 511 quibus
925 427 1082 492 consistere

219 541 373 611 praetores,
386 542 417 594 et
426 542 605 596 conventum
615 553 699 612 agere
720 537 824 601 solent,
847 549 905 607 quo
926 532 958 590 in
982 531 1085 606 oppido

218 651 278 694 non
302 635 351 692 isti
371 653 409 692 ex
432 636 528 710 aliqua
556 633 674 702 familia,
695 651 754 690 uon
776 630 911 707 ignobili,
920 631 1037 712 delecta
1050 629 1084 684 ad

217 732 370 792 libidinem
397 734 500 791 mulier
525 737 610 792 esset.
658 733 758 805 ltaque
788 730 945 788 nonnullae
980 744 1019 784 ex
1051 742 1085 782 ec

217 847 338 890 numero
366 832 398 889 in
417 832 588 890 convivium
603 830 820 887 adhibebantur
842 829 947 901 palam.
966 824 991 882 si
1011 841 1085 898 quae

217 931 357 988 castiores
370 933 461 997 erant,
472 931 510 986 ad
524 935 636 1001 ternpus
649 927 820 994 veniebant,
839 927 935 984 lucem
957 939 1084 980 conven-

217 1031 334 1102 tumque
362 1027 503 1084 vitabant
553 1027 645 1084 Erant
667 1031 765 1083 autem
788 1021 929 1082 convivia
951 1039 1011 1078 nun
1033 1019 1084 1076 illo

216 1123 334 1182 silentio
353 1122 373 1156 ³⁸
385 1129 546 1198 praetorum
560 1124 658 1199 populi
674 1125 759 1182 Rom.
774 1127 860 1196 atque
873 1121 1082 1194 imperatorum,

216 1239 360 1297 nequead
374 1225 491 1296 pudore,
505 1221 599 1298 quiin
613 1221 830 1296 magistratuum
851 1217 1002 1277 conviviis
1024 1233 1084 1273 ver·

217 1320 274 1378 sari
287 1324 372 1390 solet,
385 1323 437 1379 sed
450 1339 517 1379 cum
531 1320 658 1379 maximo
681 1322 807 1377 clamore
829 1323 927 1392 atque·
939 1314 1083 1374 convicio.

217 1436 432 1496 nonnumquam
442 1420 532 1478 etiam
545 1437 590 1476 rer
610 1420 648 1476 ad
668 1436 779 1485 manus,
792 1422 877 1492 atque
899 1418 937 1473 ad
958 1429 1081 1489 pugnam

217 1517 365 1574 veniebat.
407 1519 467 1574 iste
481 1517 560 1575 enim
580 1522 694 1589 praetor
706 1534 824 1574 severus
838 1532 874 1573 ac
887 1514 1023 1588 diligens,
1035 1511 1082 1586 qui

216 1614 316 1688 populi
330 1613 457 1672 Romani
469 1614 581 1688 legibus
595 1629 750 1698 numquam
764 1615 924 1688 paruisset:
944 1612 1005 1670 illis
1024 1609 1085 1668 dili:

217 1716 320 1786 genter
332 1711 454 1786 legibus,
467 1712 586 1788 quaein
599 1713 711 1786 poculis
730 1715 919 1786 ponebantur,
940 1712 1084 1783 obtempe-

218 1812 310 1869 rabat.
352 1812 453 1886 ltaque
476 1817 559 1869 erant
580 1812 677 1873 exitus
700 1811 850 1886 ejusmodi,
862 1815 895 1867 ut
915 1809 988 1867 aliua
1009 1807 1084 1864 inter

219 1925 320 1968 manua
346 1928 364 1966 e
387 1910 538 1978 convivio,
562 1915 708 1986 tamquam
729 1929 746 1968 e
767 1909 885 1983 proelio,
913 1908 1085 1966 auferretur:

219 2007 302 2074 alius,
322 2014 468 2080 tamquam
487 2007 610 2078 occisus,
634 2009 858 2084 relinqueretur:
879 2007 1008 2081 plerique
1028 2003 1083 2062 iusi

168 2122 178 2139 ⁴
218 2103 283 2159 aine
310 2109 408 2160 mente
428 2119 463 2160 ao
483 2102 548 2160 sine
568 2106 629 2161 ullo
655 2123 741 2163 sensu
758 2107 902 2180 jacerent,
927 2103 1023 2180 quivis
1043 2106 1083 2171 ui,

219 2218 287 2260 cum
312 2200 502 2274 adspexisset
536 2219 595 2260 non
615 2221 647 2260 se
668 2205 808 2277 praetoris
829 2203 1010 2271 convivium,
1035 2201 1086 2258 sod

219 2305 251 2358 ut
279 2301 466 2360 Cannensem
496 2317 621 2374 pugnam
655 2301 801 2376 nequitiae
834 2303 936 2383 videre
969 2300 1087 2358 arbitra·

169 2405 305 2472 12retur.
346 2398 421 2456 Oum
435 2415 507 2454 vero
520 2404 614 2456 aestas
637 2417 747 2458 summa
771 2418 835 2458 esse
852 2400 917 2473 jam
940 2401 1087 2472 coeperat,

218 2499 294 2572 quod
305 2501 417 2570 tempus
429 2513 530 2554 omues
546 2497 665 2554 Siciliae
678 2515 792 2572 semper
804 2504 950 2572 praetores
964 2497 996 2556 in
1020 2496 1088 2554 itin·

218 2595 313 2654 eribus
336 2611 506 2652 consumere
526 2600 748 2664 consueverunt,
761 2601 921 2670 propterea,
936 2595 1013 2670 quod
1026 2599 1090 2652 tum

218 2699 321 2769 putant
333 2693 496 2752 obeundam
509 2711 573 2752 esse
597 2693 723 2752 maxime
745 2694 938 2772 provinciam,
962 2711 1030 2751 cum
1055 2693 1089 2750 in

217 2795 292 2851 areis
306 2793 448 2850 frumenta
462 2797 539 2861 sunt,
551 2794 627 2867 quod
640 2797 670 2850 et
682 2791 810 2849 familiae
823 2797 1047 2867 congregantur,
1058 2794 1090 2848 et

217 2891 386 2964 magnitudo
393 2890 507 2946 servitii
521 2891 700 2963 perspicitur,
714 2895 744 2950 et
756 2888 776 2922 ³⁵
785 2893 865 2948 labor
877 2891 973 2965 operia
995 2889 1091 2946 maxi·

218 3004 265 3044 me
278 2987 440 3054 offenditur,
461 2991 491 3042 et
517 2987 652 3046 frumenti
675 2989 761 3062 copia
784 2993 960 3057 commonet,
973 2993 1091 3062 tempus

219 3083 290 3142 anni
313 3100 372 3141 non
393 3083 534 3156 impedit:
562 3089 632 3153 tum,
660 3085 786 3162 inquam,
810 3105 876 3146 cum
910 3091 1092 3146 concursant

249 3238 272 3272 ³⁴
283 3242 411 3296 praeturum
418 3237 579 3298 populiliom]
610 3239 696 3287 Addidi
713 3255 761 3298 pop.
781 3241 813 3288 R.
829 3256 843 3288 e
861 3241 922 3289 Mas.
940 3245 965 3288 et
979 3241 1033 3288 edd.
1053 3255 1090 3302 pr.

220 3297 388 3401 affaldus.
414 3297 473 3346 Mox
482 3298 557 3360 placet
563 3298 689 3357 conjectura
699 3299 837 3348 Hotomanni
846 3315 887 3362 pro
896 3301 983 3350 aarum
992 3299 1092 3360 legentis

249 3431 272 3464 ³⁵
287 3433 375 3499 lnbrrc.
391 3449 420 3481 aa
437 3435 576 3496 finditur]
607 3434 703 3481 Sicedd.
736 3450 753 3482 r.
768 3435 783 3482 i.
795 3450 815 3482 a.
832 3435 898 3483 Rom.
910 3437 977 3484 Med.
989 3443 1034 3483 ete.
1046 3445 1096 3482 nun

218 3490 348 3542 renuuntur,
358 3499 384 3538 ut
393 3494 463 3540 tradit
472 3493 586 3540 Gruterus.
618 3493 655 3540 Sir.
664 3499 688 3539 et
727 3509 743 3539 s.
755 3495 798 3542 Gu.
808 3490 905 3541 Primum
914 3496 937 3541 in
947 3497 1042 3546 Arcena
1055 3508 1092 3555 pr.

219 3547 292 3610 reperi
307 3554 328 3591 at
340 3547 361 3594 in
372 3551 493 3610 marginem
508 3552 602 3608 eJectum
618 3551 746 3620 qffcnditur.
757 3568 799 3623 pro
815 3568 862 3599 var.
874 3553 934 3602 lecte
943 3554 1069 3615 utopiuor‚
1080 3565 1095 3596 e

219 3609 345 3674 conjectura
354 3606 478 3655 Beeiehemi
493 3615 532 3655 aut
548 3609 640 3655 Budner.
671 3610 802 3668 Offerrdrtur
818 3626 859 3673 pro
876 3612 995 3676 reperitur,
1008 3612 1094 3673 depra-

219 3665 330 3722 bendum,
339 3666 418 3715 melius
425 3669 530 3716 convenit
538 3667 679 3728 praecedenti
685 3670 826 3728 perspicitur.
