2438 4206
198 301 259 364 lon
522 293 557 349 tls
570 293 713 352 manati

194 443 237 503 uti
251 429 358 518 eripias,
371 444 526 505 nonlicet:
547 455 628 507 vetat
641 455 670 507 te
681 447 844 518 Volcatius,
854 452 921 508 mae
934 453 1059 507 tuorum-

195 561 249 618 que
275 545 408 613 deliciae,
433 547 610 605 mentionem
632 545 774 619 mancipis
795 549 900 606 faeere.
942 545 1059 603 Timar·

195 642 295 699 ehides
310 648 406 701 aulem
419 647 553 702 eolomen
568 645 695 702 familiae
710 639 834 713 vestrae,
842 644 945 718 premit
957 643 1059 700 lauoes

193 740 370 799 detensionis
394 747 476 800 tuae:
497 742 545 800 oui
567 743 650 800 simul
674 747 704 800 et
727 742 867 800 Volcatio
889 742 1015 815 pecunia
1038 754 1059 796 a

193 839 316 896 eivitate
330 846 478 898 numerata
492 823 545 898 est.
585 841 654 898 Jam
667 859 737 898 vero
750 841 844 898 seriba
866 839 1059 897 tuns‘annulo

193 951 281 994 aureo
299 954 360 1004 suo,
370 955 454 1011 quem
468 955 506 996 ex
519 938 565 995 bis
578 939 662 996 rebus
675 938 799 1008 invenit,
817 939 873 996 ista
893 943 926 994 te
944 935 1060 993 ratione

191 1033 234 1090 nti
248 1051 307 1092 non
320 1035 405 1092 sinet.
447 1035 525 1108 Quid
547 1037 635 1110 igitur
657 1041 702 1094 est
721 1037 870 1109 reliquum,
884 1033 940 1090 nisi
959 1032 1001 1088 uti
1017 1032 1059 1088 la·
1099 1089 1101 1093 ,

191 1134 281 1202 teare,
294 1137 323 1190 te
338 1133 463 1192 Romam
473 1135 645 1192 trumentum
658 1139 789 1207 emptum·
797 1132 960 1190 Siculorum
971 1131 1060 1202 peeu'

190 1229 242 1288 nia
256 1230 386 1288 misisse:
406 1233 553 1304 publicam
576 1231 729 1306 pecuniam
753 1232 868 1288 domum
889 1233 967 1286 tunm
988 1243 1057 1286 eon·

191 1327 338 1387 vertisse?
366 1329 392 1387 0
406 1332 585 1388 consuetudo
598 1327 750 1404 peoeandi,
763 1333 900 1404 quantam
913 1327 1002 1384 habes
1009 1326 1056 1400 jn·

191 1427 371 1485 canditatem
396 1427 427 1484 in
453 1427 590 1500 improbis
617 1431 649 1483 et
672 1426 840 1495 audaeibus,
866 1442 933 1484 oum
959 1440 1056 1498 poena

190 1523 283 1581 abluit
302 1529 333 1580 et
353 1524 475 1580 lieentia
495 1529 654 1582 eonseeuta
667 1529 729 1581 esti
761 1525 821 1582 Iste
834 1523 867 1582 in
880 1523 937 1580 boo
950 1537 1056 1597 genere

189 1622 340 1694 peculatus
354 1637 504 1678 nonnune
518 1621 640 1694 primum
651 1621 816 1680 invenitur:
837 1622 888 1700 sed
908 1637 987 1680 nune
1008 1621 1059 1678 de·

190 1731 277 1778 mum·
292 1723 414 1778 tenetur.
454 1718 591 1778 Vidimus
615 1718 684 1777 boio
707 1722 745 1778 ab
768 1719 883 1778 aerario
903 1717 1058 1792 peenninm

114 1809 117 1812 ’
190 1819 335 1878 numerari
347 1817 491 1894 quaestori
508 1819 545 1876 ad
565 1822 709 1892 sumptum
723 1819 868 1876 exereitus
881 1816 1060 1874 consularis:
1078 1824 1080 1828 ·

190 1917 317 1976 vidimus
325 1917 425 1990 pauois
436 1921 500 1990 post
508 1916 653 1974 mensibus
659 1919 689 1972 et
697 1915 857 1974 exereitum
865 1918 896 1971 et
908 1917 1060 1973 consulem

189 2014 353 2088 spoliatum.
397 2013 455 2071 Illa
467 2013 561 2070 omnis
582 2012 708 2086 pecunia
721 2011 806 2070 latuit
818 2011 851 2069 in
863 2011 915 2068 illa
928 2010 1060 2086 ealigine

189 2127 228 2168 ae
240 2109 376 2179 tenebris,
390 2127 463 2186 quae
487 2114 578 2168 totam
598 2109 806 2183 rempublicam
822 2114 882 2167 turn
896 2127 1059 2186 oeeupave·

69 2257 75 2274 .
188 2213 264 2270 rans
303 2209 413 2268 lterum
439 2208 529 2284 gessit
555 2205 759 2266 hereditariam
785 2212 967 2282 quaesturam
990 2226 1059 2268 eum

190 2308 356 2368 Dolabella.
371 2324 506 2382 magnam
519 2306 672 2381 pecuniam
685 2291 808 2364 euertit:
829 2308 881 2364 sed
899 2309 961 2382 eJus
974 2308 1059 2366 ratio*

189 2423 260 2466 nem
277 2422 345 2463 oum
365 2403 552 2462 damnatione
566 2405 739 2461 Dolabellae
754 2387 929 2478 permiscuit.
971 2406 1058 2464 (lom-

167 2567 174 2580 ,
189 2503 277 2564 missa
291 2508 335 2560 est
347 2500 472 2576 peeunia
491 2505 572 2558 tanta
585 2501 722 2574 praetori.
734 2519 793 2560 non
807 2502 954 2578 reperietis
965 2503 1058 2564 homi·

188 2621 259 2662 nem
271 2601 374 2660 timide
387 2617 443 2658 nee
454 2599 562 2660 leviter
574 2599 648 2657 haee
662 2597 873 2673 improbissima
886 2603 964 2659 luera
972 2602 1058 2676 ligur-

188 2685 333 2772 rientemr
350 2701 490 2758 devorare
514 2715 630 2757 omnem
650 2698 804 2771 paeoniam
828 2699 972 2772 publicam
996 2718 1057 2760 non

189 2800 344 2858 dubitavit.
386 2799 432 2856 lta
445 2798 534 2870 serpit
547 2797 619 2854 illud
631 2796 750 2854 insitum
771 2796 802 2855 in
823 2802 924 2855 nattrra
939 2801 1055 2870 malum,

188 2895 398 2956 consuetudine
412 2894 555 2969 peeeandi
568 2893 669 2961 libera,
681 2895 769 2953 finem
791 2901 823 2953 nt
841 2897 980 2956 andaciae
1000 2903 1057 2956 sta·

188 2998 269 3051 tuere
283 2992 346 3066 ipse
360 2991 416 3048 sibi
431 3008 491 3048 non
505 2991 603 3064 possit.
645 2992 778 3051 Tenetur
791 2994 878 3068 igitur
891 2995 1057 3070 aliquando,

189 3097 220 3150 et
243 3091 275 3150 ln
301 3091 385 3148 rebus
410 3094 471 3147 tum
494 3089 637 3157 maximis,
661 3094 723 3148 tum
745 3093 906 3152 manifestis
932 3100 1057 3154 tenetur.

189 3191 289 3266 Atque
309 3189 341 3246 in
365 3205 430 3250 eam
451 3188 579 3247 fraudem
603 3188 673 3247 milri
688 3188 801 3248 videtur
820 3191 961 3250 divinitus
982 3193 1054 3252 inei·

190 3287 279 3357 disse,
292 3305 352 3347 non
363 3290 455 3346 solum
468 3292 501 3346 ut
514 3307 564 3346 eas
582 3305 690 3364 poenas
704 3307 774 3365 quas
791 3289 922 3365 proxime
940 3293 1057 3353 meruis-

189 3439 410 3560 ffirssetiggroessrffl
417 3442 498 3549 ἔξω,
508 3441 560 3506 quia
575 3442 636 3494 loom
650 3442 687 3500 lrie
704 3443 1055 3510 inMs.undslnmb.1>romliii
