2460 4200
194 371 235 435 ιθ
533 362 726 414 ravennam

191 509 381 586 mititudpque
406 509 572 586 eonjunrit.
613 512 716 569 Venis
738 526 831 569 morer
852 511 998 585 improbos
1011 514 1064 573 im

191 627 333 686 purosque
346 609 446 668 nostis.
467 610 568 686 fingite
582 611 708 676 robiani
720 613 851 683 potestis,
865 612 1000 686 aliquem,
1013 610 1064 687 qui

192 709 225 770 in
237 709 371 768 omnibus
383 709 446 768 istis
459 711 544 767 rebus
568 727 618 782 par
631 711 669 767 ad
682 710 811 769 omniurn
824 709 997 784 flagitiorum
1011 730 1062 770 ne·

191 807 278 866 turias
291 807 427 866 libidines
440 825 506 865 esse
518 807 626 882 possit:
646 809 671 866 ie
685 808 741 866 erit
754 809 900 882 Apronius
913 809 963 866 ille
974 829 982 878 ς
1002 809 1061 884 qni,

192 910 224 964 ut
238 907 300 980 ipse
314 923 373 964 non
385 909 478 964 solnm
491 906 563 974 vita,
577 907 628 964 sed
652 907 740 964 etiam
764 924 883 980 eorpore
905 912 990 981 atque
1011 926 1062 965 ore

192 1005 355 1078 signifieat·
369 1005 512 1063 immensa
534 1005 630 1080 aliqua
642 999 668 1038 ’ω
679 1023 786 1080 vorago
796 1011 840 1062 est
854 1023 889 1063 ao
904 1023 1005 1080 gurges
1020 1006 1063 1063 vi·

191 1102 297 1164 tiorum
312 1104 575 1178 turpitudinumque
593 1104 733 1164 omnium.
774 1106 861 1162 Hune
876 1103 908 1161 in
928 1104 1061 1161 omnibus

192 1203 307 1276 stupris,
321 1204 398 1260 huno
413 1204 443 1260 in
465 1203 595 1262 sanorum
614 1203 848 1277 expilationibus,
869 1204 946 1260 huno
964 1203 995 1261 in
1009 1203 1062 1260 im·

192 1301 270 1376 puris
284 1300 435 1360 conviviis
459 1301 621 1375 prinoipem
643 1301 811 1360 adhibebat:
834 1306 999 1376 tantamque
1013 1302 1063 1357 ba·

191 1401 280 1458 babet
293 1417 403 1460 momm
417 1400 575 1459 similitudo
587 1399 825 1473 conjunctionem
845 1405 931 1475 atque
944 1417 1063 1457 coneor-

192 1498 280 1567 diam,
294 1504 326 1556 nt
342 1499 498 1571 Apronius,
512 1498 560 1572 qui
574 1497 640 1555 aliis
664 1498 837 1556 inhumanus
858 1515 893 1556 aa
917 1500 1062 1568 barbarus,

193 1596 243 1654 isti
265 1597 315 1654 uni
337 1597 506 1654 commodus
527 1610 564 1653 ao
587 1595 709 1653 disertus
729 1597 892 1655 videretur:
914 1602 954 1665 ut,
976 1614 1063 1671 quem

193 1711 294 1754 omnes
316 1696 455 1760 odissent,
479 1711 573 1769 neque
596 1695 696 1754 videre
722 1697 842 1764 vellent,
862 1696 925 1753 sine
947 1712 984 1753 eo
1006 1696 1063 1753 iste

166 1859 168 1866 ,
193 1810 258 1852 asse
280 1811 339 1852 non
363 1800 481 1868 posset:
502 1801 543 1861 ut,
557 1812 624 1853 oum
646 1794 708 1862 alii,
722 1813 759 1852 ne
777 1795 925 1852 conviviis
946 1795 1064 1870 quidem

192 1893 307 1961 iisdem,
331 1893 431 1969 quibus
460 1893 617 1966 Apronius,
641 1893 690 1950 blo
714 1892 818 1951 iisdem
841 1893 929 1950 etiam
951 1891 1063 1964 poculis
1139 1900 1143 1904 '

193 1995 335 2050 uteretur:
355 1996 508 2061 postiurno,
522 1996 554 2047 ut
573 1991 643 2045 odor
665 1989 789 2060 Apronii
813 1991 991 2047 taeterrimus
1005 1989 1063 2046 oria

193 2087 371 2160 etcorporis,
390 2103 474 2159 quem
487 2083 533 2162 (nt
545 2082 640 2162 ajunt)
660 2103 698 2142 ne
717 2087 829 2143 bestiae
851 2086 967 2160 quidem
989 2088 1065 2143 terro

194 2189 322 2262 possent,
335 2184 395 2242 uni
410 2183 459 2241 isti
482 2183 579 2242 suavis
601 2191 631 2242 et
649 2185 794 2257 jucundus
810 2185 964 2242 videretur.
1007 2186 1063 2241 llle

195 2289 258 2342 erat
277 2284 310 2341 in
334 2265 470 2342 tribunali
489 2283 654 2356 proximuse
674 2281 694 2314 ⁹¹
705 2283 736 2340 in
750 2283 884 2340 enbinulo
897 2283 1009 2341 sosius:
1031 2283 1063 2338 in
1105 2355 1109 2370 1

117 2382 118 2386 ’
196 2382 338 2442 convivio
350 2380 500 2440 dominns:
522 2399 557 2439 ao
578 2386 639 2438 tam
662 2383 799 2448 maxime,
813 2398 881 2438 oum
900 2383 1062 2438 accubante

196 2485 379 2556 praetextato
401 2479 540 2554 praetoris
562 2479 632 2547 tillo,
646 2479 677 2538 in
697 2479 838 2536 convivio
851 2482 957 2536 saltare
972 2479 1065 2536 nudus

81 2592 94 2614 ⁸
148 2578 343 2654 ioooeperat.
386 2581 482 2647 Hune,
496 2577 539 2635 uti
559 2576 658 2634 dicere
683 2575 805 2643 institui,
818 2575 978 2649 principem
992 2577 1067 2633 Ver·

197 2696 243 2739 res
268 2682 305 2737 ad
333 2679 460 2738 fortunas
487 2682 631 2734 aratorum
653 2675 804 2732 vexandas
830 2673 1065 2749 diripiendasque

197 2797 261 2837 esse
285 2779 504 2852 voluitabujus
531 2775 681 2843 audaciae,
708 2773 864 2848 nequitiae,
890 2772 1065 2840 crudelitati,

196 2877 377 2937 fidelissimos
411 2876 514 2941 socios,
540 2875 719 2947 optimosque
747 2874 839 2939 nives,
867 2870 981 2938 scitote,
1007 2872 1065 2929 hoo

196 2979 328 3049 praetore
349 2971 477 3038 traditos,
485 2971 610 3043 judiees,
624 2976 709 3042 atque
723 2970 853 3027 addictos
867 2968 965 3036 luisse,
978 2969 1063 3028 novis

196 3071 338 3142 institutis
359 3074 390 3127 et
403 3069 518 3136 edictis,
537 3072 598 3125 tota
613 3067 771 3125 Hieronica
789 3071 855 3143 lege
868 3065 1064 3147 (quemadmo-

197 3171 266 3230 dum
280 3175 367 3227 autea
379 3165 456 3246 dixi)
470 3167 579 3240 rejecta
592 3171 622 3224 et
635 3163 793 3240 repudiata

232 3323 255 3357 Ν
269 3338 320 3370 mro
358 3327 435 3370 utoni
443 3337 490 3382 gar
505 3337 531 3369 er.
573 3319 1067 3380 Cumhaeaaintaynouymn,nuinterporri·

200 3383 305 3491 {afflat}
335 3397 378 3429 om.
397 3397 454 3444 naq
539 3380 607 3429 rsinus
624 3379 647 3427 iu
665 3379 723 3428 libro
737 3383 815 3426 vetere
833 3379 950 3440 repedlet
962 3379 1066 3441 phoebat

232 3521 253 3554 ²¹
267 3520 404 3590 iaculante
413 3522 477 3568 aaa.
516 3518 640 3568 blaveos
649 3517 726 3571 mim,
735 3517 793 3579 qnod
800 3515 879 3563 lamb.
887 3515 972 3586 aliiqoe
980 3529 1071 3577 recepe-

204 3578 400 3746 ffiff
430 3575 1070 3697 ,ummalmmtauammm

238 3711 252 3743 a
325 3710 362 3745 n.
