<?xml version="1.0" encoding="UTF-8"?>
<!DOCTYPE html PUBLIC "-//W3C//DTD XHTML 1.0 Transitional//EN"
    "http://www.w3.org/TR/xhtml1/DTD/xhtml1-transitional.dtd">
<html xmlns="http://www.w3.org/1999/xhtml" xml:lang="en" lang="en">
 <head>
  <title>
</title>
<meta http-equiv="Content-Type" content="text/html;charset=utf-8" />
  <meta name='ocr-system' content='tesseract 3.04.00' />
  <meta name='ocr-capabilities' content='ocr_page ocr_carea ocr_par ocr_line ocrx_word'/>
</head>
<body>
  <div class='ocr_page' id='page_1' title='image "./mtvlliiciceroni10cicegoog/mtvlliiciceroni10cicegoog_0286.png"; bbox 0 0 2428 4212; ppageno 0'>
   <div class='ocr_carea' id='block_1_1' title="bbox 377 316 1003 380">
    <p class='ocr_par' dir='ltr' id='par_1_1' title="bbox 377 316 1003 380">
     <span class='ocr_line' id='line_1_1' title="bbox 377 316 1003 380; baseline 0.01 -15"><span class='ocrx_word' id='word_1_1' title='bbox 377 318 448 365; x_wconf 75' lang='lat' dir='ltr'><strong>ACT.</strong></span> <span class='ocrx_word' id='word_1_2' title='bbox 465 319 494 368; x_wconf 90' lang='lat' dir='ltr'><strong>ll.</strong></span> <span class='ocrx_word' id='word_1_3' title='bbox 511 316 608 366; x_wconf 79' lang='lat' dir='ltr'><strong>LlBER</strong></span> <span class='ocrx_word' id='word_1_4' title='bbox 623 317 772 371; x_wconf 71' lang='lat' dir='ltr'><strong>auinaue.</strong></span> <span class='ocrx_word' id='word_1_5' title='bbox 941 323 1003 380; x_wconf 73' lang='grc'><strong>255</strong></span> 
     </span>
    </p>
   </div>
   <div class='ocr_carea' id='block_1_2' title="bbox 133 462 1100 3296">
    <p class='ocr_par' dir='ltr' id='par_1_2' title="bbox 133 462 1100 3296">
     <span class='ocr_line' id='line_1_2' title="bbox 138 462 1005 540; baseline 0.003 -23"><span class='ocrx_word' id='word_1_6' title='bbox 138 462 231 521; x_wconf 86' lang='lat' dir='ltr'><strong>classe</strong></span> <span class='ocrx_word' id='word_1_7' title='bbox 245 465 342 540; x_wconf 92' lang='lat' dir='ltr'><strong>populi</strong></span> <span class='ocrx_word' id='word_1_8' title='bbox 363 465 488 524; x_wconf 88' lang='lat' dir='ltr'><strong>Romani</strong></span> <span class='ocrx_word' id='word_1_9' title='bbox 510 465 702 540; x_wconf 88' lang='lat' dir='ltr'><strong>pulcherrima</strong></span> <span class='ocrx_word' id='word_1_10' title='bbox 716 464 829 532; x_wconf 86' lang='lat' dir='ltr'><strong>amissa,</strong></span> <span class='ocrx_word' id='word_1_11' title='bbox 842 463 1005 538; x_wconf 83' lang='lat' dir='ltr'><strong>provincia-</strong></span> 
     </span>
     <span class='ocr_line' id='line_1_3' title="bbox 139 564 1005 639; baseline 0 -21"><span class='ocrx_word' id='word_1_12' title='bbox 139 579 194 635; x_wconf 89' lang='lat' dir='ltr'><strong>que</strong></span> <span class='ocrx_word' id='word_1_13' title='bbox 219 566 354 635; x_wconf 87' lang='lat' dir='ltr'><strong>lacerata,</strong></span> <span class='ocrx_word' id='word_1_14' title='bbox 376 566 532 639; x_wconf 88' lang='lat' dir='ltr'><strong>triumphus</strong></span> <span class='ocrx_word' id='word_1_15' title='bbox 563 565 679 622; x_wconf 88' lang='lat' dir='ltr'><strong>navalis</strong></span> <span class='ocrx_word' id='word_1_16' title='bbox 709 564 763 621; x_wconf 90' lang='lat' dir='ltr'><strong>tibi</strong></span> <span class='ocrx_word' id='word_1_17' title='bbox 794 566 1005 621; x_wconf 81' lang='lat' dir='ltr'><strong>decerneretur.</strong></span> 
     </span>
     <span class='ocr_line' id='line_1_4' title="bbox 142 662 1056 737; baseline 0.002 -21"><span class='ocrx_word' id='word_1_18' title='bbox 142 662 209 733; x_wconf 80' lang='lat' dir='ltr'><strong>Age</strong></span> <span class='ocrx_word' id='word_1_19' title='bbox 232 680 323 735; x_wconf 84' lang='lat' dir='ltr'><strong>porro,</strong></span> <span class='ocrx_word' id='word_1_20' title='bbox 337 664 472 722; x_wconf 84' lang='lat' dir='ltr'><strong>custodiri</strong></span> <span class='ocrx_word' id='word_1_21' title='bbox 497 666 602 721; x_wconf 89' lang='lat' dir='ltr'><strong>ducem</strong></span> <span class='ocrx_word' id='word_1_22' title='bbox 623 664 799 736; x_wconf 89' lang='lat' dir='ltr'><strong>praedonum</strong></span> <span class='ocrx_word' id='word_1_23' title='bbox 820 680 898 720; x_wconf 93' lang='lat' dir='ltr'><strong>novo</strong></span> <span class='ocrx_word' id='word_1_24' title='bbox 917 678 1006 729; x_wconf 88' lang='lat' dir='ltr'><strong>more,</strong></span> <span class='ocrx_word' id='word_1_25' title='bbox 1016 672 1056 737; x_wconf 75' lang='lat'><strong>27</strong></span> 
     </span>
     <span class='ocr_line' id='line_1_5' title="bbox 141 759 1006 836; baseline 0 -20"><span class='ocrx_word' id='word_1_26' title='bbox 141 776 224 831; x_wconf 88' lang='lat' dir='ltr'><strong>quam</strong></span> <span class='ocrx_word' id='word_1_27' title='bbox 249 763 343 821; x_wconf 87' lang='lat' dir='ltr'><strong>securi</strong></span> <span class='ocrx_word' id='word_1_28' title='bbox 364 763 442 821; x_wconf 79' lang='lat' dir='ltr'><strong>feriri</strong></span> <span class='ocrx_word' id='word_1_29' title='bbox 463 763 594 821; x_wconf 90' lang='lat' dir='ltr'><strong>omnium</strong></span> <span class='ocrx_word' id='word_1_30' title='bbox 615 765 752 836; x_wconf 84' lang='lat' dir='ltr'><strong>exemplo</strong></span> <span class='ocrx_word' id='word_1_31' title='bbox 776 762 868 836; x_wconf 86' lang='lat' dir='ltr'><strong>magis</strong></span> <span class='ocrx_word' id='word_1_32' title='bbox 888 759 1006 834; x_wconf 77' lang='lat' dir='ltr'><strong>placuit.</strong></span> 
     </span>
     <span class='ocr_line' id='line_1_6' title="bbox 141 857 1008 936; baseline 0 -22"><span class='ocrx_word' id='word_1_33' title='bbox 141 857 223 928; x_wconf 82' lang='lat' dir='ltr'><strong>Quae</strong></span> <span class='ocrx_word' id='word_1_34' title='bbox 236 865 302 918; x_wconf 91' lang='lat' dir='ltr'><strong>sunt</strong></span> <span class='ocrx_word' id='word_1_35' title='bbox 315 861 388 919; x_wconf 87' lang='lat' dir='ltr'><strong>istae</strong></span> <span class='ocrx_word' id='word_1_36' title='bbox 400 860 573 921; x_wconf 73' lang='lat' dir='ltr'><strong>custodiae?</strong></span> <span class='ocrx_word' id='word_1_37' title='bbox 593 863 669 935; x_wconf 89' lang='lat' dir='ltr'><strong>apud</strong></span> <span class='ocrx_word' id='word_1_38' title='bbox 682 879 752 936; x_wconf 90' lang='lat' dir='ltr'><strong>quos</strong></span> <span class='ocrx_word' id='word_1_39' title='bbox 766 857 922 918; x_wconf 77' lang='lat' dir='ltr'><strong>homines?</strong></span> <span class='ocrx_word' id='word_1_40' title='bbox 941 876 1008 933; x_wconf 88' lang='lat' dir='ltr'><strong>que·</strong></span> 
     </span>
     <span class='ocr_line' id='line_1_7' title="bbox 136 958 1009 1034; baseline 0 -22"><span class='ocrx_word' id='word_1_41' title='bbox 136 958 321 1016; x_wconf 88' lang='lat' dir='ltr'><strong>madmodum</strong></span> <span class='ocrx_word' id='word_1_42' title='bbox 335 964 379 1015; x_wconf 91' lang='lat' dir='ltr'><strong>est</strong></span> <span class='ocrx_word' id='word_1_43' title='bbox 392 958 578 1017; x_wconf 78' lang='lat' dir='ltr'><strong>asservatus?</strong></span> <span class='ocrx_word' id='word_1_44' title='bbox 597 958 798 1034; x_wconf 39' lang='lat' dir='ltr'><strong>&amp;Lautumias</strong></span> <span class='ocrx_word' id='word_1_45' title='bbox 810 960 1009 1032; x_wconf 76' lang='lat' dir='ltr'><strong>Syracusanae</strong></span> 
     </span>
     <span class='ocr_line' id='line_1_8' title="bbox 137 1056 1008 1132; baseline 0 -20"><span class='ocrx_word' id='word_1_46' title='bbox 137 1071 240 1112; x_wconf 83' lang='lat' dir='ltr'><strong>onrnes</strong></span> <span class='ocrx_word' id='word_1_47' title='bbox 263 1057 399 1114; x_wconf 88' lang='lat' dir='ltr'><strong>audistis:</strong></span> <span class='ocrx_word' id='word_1_48' title='bbox 431 1056 559 1131; x_wconf 82' lang='lat' dir='ltr'><strong>plerique</strong></span> <span class='ocrx_word' id='word_1_49' title='bbox 582 1059 681 1116; x_wconf 90' lang='lat' dir='ltr'><strong>nostis.</strong></span> <span class='ocrx_word' id='word_1_50' title='bbox 723 1060 803 1132; x_wconf 87' lang='lat' dir='ltr'><strong>Opus</strong></span> <span class='ocrx_word' id='word_1_51' title='bbox 825 1062 869 1114; x_wconf 89' lang='lat' dir='ltr'><strong>est</strong></span> <span class='ocrx_word' id='word_1_52' title='bbox 896 1056 1008 1130; x_wconf 87' lang='lat' dir='ltr'><strong>ingens,</strong></span> 
     </span>
     <span class='ocr_line' id='line_1_9' title="bbox 137 1155 1009 1229; baseline 0.001 -20"><span class='ocrx_word' id='word_1_53' title='bbox 137 1155 332 1227; x_wconf 82' lang='lat' dir='ltr'><strong>magnificum,</strong></span> <span class='ocrx_word' id='word_1_54' title='bbox 347 1174 446 1229; x_wconf 82' lang='lat' dir='ltr'><strong>regum</strong></span> <span class='ocrx_word' id='word_1_55' title='bbox 460 1172 495 1212; x_wconf 91' lang='lat' dir='ltr'><strong>ac</strong></span> <span class='ocrx_word' id='word_1_56' title='bbox 510 1160 706 1228; x_wconf 88' lang='lat' dir='ltr'><strong>tyrannorum.</strong></span> <span class='ocrx_word' id='word_1_57' title='bbox 721 1162 812 1214; x_wconf 89' lang='lat' dir='ltr'><strong>totum</strong></span> <span class='ocrx_word' id='word_1_58' title='bbox 826 1163 871 1213; x_wconf 92' lang='lat' dir='ltr'><strong>est</strong></span> <span class='ocrx_word' id='word_1_59' title='bbox 884 1174 921 1212; x_wconf 83' lang='lat' dir='ltr'><strong>ex</strong></span> <span class='ocrx_word' id='word_1_60' title='bbox 937 1172 1009 1211; x_wconf 84' lang='lat' dir='ltr'><strong>saxo</strong></span> 
     </span>
     <span class='ocr_line' id='line_1_10' title="bbox 138 1251 1009 1327; baseline 0.006 -20"><span class='ocrx_word' id='word_1_61' title='bbox 138 1251 171 1308; x_wconf 83' lang='lat' dir='ltr'><strong>ir</strong></span> <span class='ocrx_word' id='word_1_62' title='bbox 186 1252 347 1310; x_wconf 88' lang='lat' dir='ltr'><strong>mirandam</strong></span> <span class='ocrx_word' id='word_1_63' title='bbox 359 1254 542 1322; x_wconf 78' lang='lat' dir='ltr'><strong>altitudinem</strong></span> <span class='ocrx_word' id='word_1_64' title='bbox 555 1255 699 1327; x_wconf 89' lang='lat' dir='ltr'><strong>depresso,</strong></span> <span class='ocrx_word' id='word_1_65' title='bbox 710 1260 741 1311; x_wconf 91' lang='lat' dir='ltr'><strong>et</strong></span> <span class='ocrx_word' id='word_1_66' title='bbox 750 1255 901 1311; x_wconf 88' lang='lat' dir='ltr'><strong>multorum</strong></span> <span class='ocrx_word' id='word_1_67' title='bbox 914 1251 1009 1327; x_wconf 79' lang='lat' dir='ltr'><strong>operia</strong></span> 
     </span>
     <span class='ocr_line' id='line_1_11' title="bbox 138 1349 1012 1424; baseline 0.002 -19"><span class='ocrx_word' id='word_1_68' title='bbox 138 1350 256 1422; x_wconf 89' lang='lat' dir='ltr'><strong>penitus</strong></span> <span class='ocrx_word' id='word_1_69' title='bbox 270 1352 379 1409; x_wconf 85' lang='lat' dir='ltr'><strong>exciso.</strong></span> <span class='ocrx_word' id='word_1_70' title='bbox 400 1353 473 1410; x_wconf 90' lang='lat' dir='ltr'><strong>nihil</strong></span> <span class='ocrx_word' id='word_1_71' title='bbox 489 1359 549 1409; x_wconf 87' lang='lat' dir='ltr'><strong>tam</strong></span> <span class='ocrx_word' id='word_1_72' title='bbox 560 1355 689 1409; x_wconf 90' lang='lat' dir='ltr'><strong>clausum</strong></span> <span class='ocrx_word' id='word_1_73' title='bbox 702 1354 740 1408; x_wconf 90' lang='lat' dir='ltr'><strong>ad</strong></span> <span class='ocrx_word' id='word_1_74' title='bbox 751 1349 937 1424; x_wconf 81' lang='lat' dir='ltr'><strong>exitns‚nilril</strong></span> <span class='ocrx_word' id='word_1_75' title='bbox 952 1359 1012 1407; x_wconf 89' lang='lat' dir='ltr'><strong>tam</strong></span> 
     </span>
     <span class='ocr_line' id='line_1_12' title="bbox 136 1449 1011 1526; baseline 0.003 -22"><span class='ocrx_word' id='word_1_76' title='bbox 136 1454 252 1522; x_wconf 85' lang='lat' dir='ltr'><strong>septum</strong></span> <span class='ocrx_word' id='word_1_77' title='bbox 266 1451 401 1526; x_wconf 88' lang='lat' dir='ltr'><strong>undique,</strong></span> <span class='ocrx_word' id='word_1_78' title='bbox 422 1451 495 1510; x_wconf 88' lang='lat' dir='ltr'><strong>nihil</strong></span> <span class='ocrx_word' id='word_1_79' title='bbox 519 1457 578 1508; x_wconf 85' lang='lat' dir='ltr'><strong>tam</strong></span> <span class='ocrx_word' id='word_1_80' title='bbox 603 1455 695 1510; x_wconf 87' lang='lat' dir='ltr'><strong>tutum</strong></span> <span class='ocrx_word' id='word_1_81' title='bbox 718 1451 755 1507; x_wconf 89' lang='lat' dir='ltr'><strong>ad</strong></span> <span class='ocrx_word' id='word_1_82' title='bbox 779 1449 934 1516; x_wconf 87' lang='lat' dir='ltr'><strong>custodias,</strong></span> <span class='ocrx_word' id='word_1_83' title='bbox 955 1465 1011 1507; x_wconf 87' lang='lat' dir='ltr'><strong>nec</strong></span> 
     </span>
     <span class='ocr_line' id='line_1_13' title="bbox 137 1547 1012 1624; baseline 0 -21"><span class='ocrx_word' id='word_1_84' title='bbox 137 1547 211 1617; x_wconf 87' lang='lat' dir='ltr'><strong>fieri,</strong></span> <span class='ocrx_word' id='word_1_85' title='bbox 226 1549 410 1624; x_wconf 88' lang='lat' dir='ltr'><strong>neccogitari</strong></span> <span class='ocrx_word' id='word_1_86' title='bbox 424 1555 527 1624; x_wconf 88' lang='lat' dir='ltr'><strong>potest.</strong></span> <span class='ocrx_word' id='word_1_87' title='bbox 550 1552 585 1607; x_wconf 92' lang='lat' dir='ltr'><strong>ln</strong></span> <span class='ocrx_word' id='word_1_88' title='bbox 600 1551 652 1606; x_wconf 88' lang='lat' dir='ltr'><strong>bas</strong></span> <span class='ocrx_word' id='word_1_89' title='bbox 668 1549 831 1614; x_wconf 88' lang='lat' dir='ltr'><strong>lautumias,</strong></span> <span class='ocrx_word' id='word_1_90' title='bbox 846 1548 928 1622; x_wconf 87' lang='lat' dir='ltr'><strong>siqui</strong></span> <span class='ocrx_word' id='word_1_91' title='bbox 943 1549 1012 1621; x_wconf 91' lang='lat' dir='ltr'><strong>pub-</strong></span> 
     </span>
     <span class='ocr_line' id='line_1_14' title="bbox 139 1645 1012 1720; baseline -0.001 -18"><span class='ocrx_word' id='word_1_92' title='bbox 139 1645 199 1703; x_wconf 89' lang='lat' dir='ltr'><strong>lice</strong></span> <span class='ocrx_word' id='word_1_93' title='bbox 211 1649 393 1706; x_wconf 90' lang='lat' dir='ltr'><strong>custodiendi</strong></span> <span class='ocrx_word' id='word_1_94' title='bbox 400 1655 475 1717; x_wconf 90' lang='lat' dir='ltr'><strong>sunt,</strong></span> <span class='ocrx_word' id='word_1_95' title='bbox 489 1650 577 1707; x_wconf 92' lang='lat' dir='ltr'><strong>etiam</strong></span> <span class='ocrx_word' id='word_1_96' title='bbox 589 1667 628 1706; x_wconf 86' lang='lat' dir='ltr'><strong>ex</strong></span> <span class='ocrx_word' id='word_1_97' title='bbox 641 1649 746 1706; x_wconf 88' lang='lat' dir='ltr'><strong>ceteris</strong></span> <span class='ocrx_word' id='word_1_98' title='bbox 761 1647 875 1720; x_wconf 72' lang='lat' dir='ltr'><strong>oppidis</strong></span> <span class='ocrx_word' id='word_1_99' title='bbox 891 1647 1012 1704; x_wconf 83' lang='lat' dir='ltr'><strong>Siciliae</strong></span> 
     </span>
     <span class='ocr_line' id='line_1_15' title="bbox 139 1744 1013 1819; baseline 0.001 -20"><span class='ocrx_word' id='word_1_100' title='bbox 139 1744 248 1800; x_wconf 89' lang='lat' dir='ltr'><strong>deduci</strong></span> <span class='ocrx_word' id='word_1_101' title='bbox 269 1745 451 1818; x_wconf 85' lang='lat' dir='ltr'><strong>imperantur.</strong></span> <span class='ocrx_word' id='word_1_102' title='bbox 492 1748 538 1803; x_wconf 90' lang='lat' dir='ltr'><strong>Eo</strong></span> <span class='ocrx_word' id='word_1_103' title='bbox 561 1748 636 1819; x_wconf 84' lang='lat' dir='ltr'><strong>quod</strong></span> <span class='ocrx_word' id='word_1_104' title='bbox 655 1748 759 1803; x_wconf 91' lang='lat' dir='ltr'><strong>multos</strong></span> <span class='ocrx_word' id='word_1_105' title='bbox 784 1745 917 1818; x_wconf 89' lang='lat' dir='ltr'><strong>captivos</strong></span> <span class='ocrx_word' id='word_1_106' title='bbox 930 1745 1013 1801; x_wconf 88' lang='lat' dir='ltr'><strong>cives</strong></span> 
     </span>
     <span class='ocr_line' id='line_1_16' title="bbox 141 1842 1014 1917; baseline -0.003 -16"><span class='ocrx_word' id='word_1_107' title='bbox 141 1842 292 1901; x_wconf 90' lang='lat' dir='ltr'><strong>Romanos</strong></span> <span class='ocrx_word' id='word_1_108' title='bbox 317 1843 491 1917; x_wconf 81' lang='lat' dir='ltr'><strong>conjecerat,</strong></span> <span class='ocrx_word' id='word_1_109' title='bbox 505 1848 536 1900; x_wconf 92' lang='lat' dir='ltr'><strong>et</strong></span> <span class='ocrx_word' id='word_1_110' title='bbox 555 1845 630 1917; x_wconf 91' lang='lat' dir='ltr'><strong>quod</strong></span> <span class='ocrx_word' id='word_1_111' title='bbox 651 1845 754 1900; x_wconf 90' lang='lat' dir='ltr'><strong>eodem</strong></span> <span class='ocrx_word' id='word_1_112' title='bbox 778 1847 889 1899; x_wconf 86' lang='lat' dir='ltr'><strong>ceteros</strong></span> <span class='ocrx_word' id='word_1_113' title='bbox 907 1843 1014 1917; x_wconf 84' lang='lat' dir='ltr'><strong>piratas</strong></span> 
     </span>
     <span class='ocr_line' id='line_1_17' title="bbox 142 1940 1014 2015; baseline 0 -17"><span class='ocrx_word' id='word_1_114' title='bbox 142 1941 280 1998; x_wconf 88' lang='lat' dir='ltr'><strong>contrudi</strong></span> <span class='ocrx_word' id='word_1_115' title='bbox 303 1940 475 2015; x_wconf 58' lang='lat' dir='ltr'><strong>imperaram</strong></span> <span class='ocrx_word' id='word_1_116' title='bbox 506 1941 663 2009; x_wconf 85' lang='lat' dir='ltr'><strong>intellexit,</strong></span> <span class='ocrx_word' id='word_1_117' title='bbox 687 1941 713 1998; x_wconf 90' lang='lat' dir='ltr'><strong>si</strong></span> <span class='ocrx_word' id='word_1_118' title='bbox 738 1943 815 1998; x_wconf 89' lang='lat' dir='ltr'><strong>huuc</strong></span> <span class='ocrx_word' id='word_1_119' title='bbox 829 1940 1014 1998; x_wconf 89' lang='lat' dir='ltr'><strong>subditicium</strong></span> 
     </span>
     <span class='ocr_line' id='line_1_18' title="bbox 138 2039 1013 2112; baseline 0 -16"><span class='ocrx_word' id='word_1_120' title='bbox 138 2039 346 2112; x_wconf 84' lang='lat' dir='ltr'><strong>archipiratam</strong></span> <span class='ocrx_word' id='word_1_121' title='bbox 360 2039 390 2096; x_wconf 91' lang='lat' dir='ltr'><strong>in</strong></span> <span class='ocrx_word' id='word_1_122' title='bbox 405 2042 528 2097; x_wconf 89' lang='lat' dir='ltr'><strong>eandem</strong></span> <span class='ocrx_word' id='word_1_123' title='bbox 548 2039 708 2096; x_wconf 84' lang='lat' dir='ltr'><strong>custodiam</strong></span> <span class='ocrx_word' id='word_1_124' title='bbox 722 2040 858 2108; x_wconf 89' lang='lat' dir='ltr'><strong>dedisset,</strong></span> <span class='ocrx_word' id='word_1_125' title='bbox 873 2040 981 2107; x_wconf 85' lang='lat' dir='ltr'><strong>tore,ut</strong></span> <span class='ocrx_word' id='word_1_126' title='bbox 994 2057 1013 2096; x_wconf 87' lang='lat' dir='ltr'><strong>a</strong></span> 
     </span>
     <span class='ocr_line' id='line_1_19' title="bbox 136 2137 1009 2214; baseline -0.002 -18"><span class='ocrx_word' id='word_1_127' title='bbox 136 2138 248 2206; x_wconf 91' lang='lat' dir='ltr'><strong>multis,</strong></span> <span class='ocrx_word' id='word_1_128' title='bbox 262 2139 320 2196; x_wconf 88' lang='lat' dir='ltr'><strong>illis</strong></span> <span class='ocrx_word' id='word_1_129' title='bbox 335 2138 365 2194; x_wconf 92' lang='lat' dir='ltr'><strong>in</strong></span> <span class='ocrx_word' id='word_1_130' title='bbox 380 2138 534 2204; x_wconf 88' lang='lat' dir='ltr'><strong>lautumiis,</strong></span> <span class='ocrx_word' id='word_1_131' title='bbox 547 2137 568 2170; x_wconf 75' lang='lat'><strong>⁸²</strong></span> <span class='ocrx_word' id='word_1_132' title='bbox 579 2157 664 2195; x_wconf 87' lang='lat' dir='ltr'><strong>verus</strong></span> <span class='ocrx_word' id='word_1_133' title='bbox 679 2139 729 2196; x_wconf 93' lang='lat' dir='ltr'><strong>ille</strong></span> <span class='ocrx_word' id='word_1_134' title='bbox 744 2141 803 2196; x_wconf 84' lang='lat' dir='ltr'><strong>dux</strong></span> <span class='ocrx_word' id='word_1_135' title='bbox 817 2144 1009 2214; x_wconf 86' lang='lat' dir='ltr'><strong>quaereretur.</strong></span> 
     </span>
     <span class='ocr_line' id='line_1_20' title="bbox 134 2236 1011 2312; baseline -0.003 -16"><span class='ocrx_word' id='word_1_136' title='bbox 134 2239 241 2312; x_wconf 87' lang='lat' dir='ltr'><strong>ltaque</strong></span> <span class='ocrx_word' id='word_1_137' title='bbox 263 2237 410 2292; x_wconf 88' lang='lat' dir='ltr'><strong>hominem</strong></span> <span class='ocrx_word' id='word_1_138' title='bbox 432 2237 500 2292; x_wconf 85' lang='lat' dir='ltr'><strong>huie</strong></span> <span class='ocrx_word' id='word_1_139' title='bbox 525 2237 654 2308; x_wconf 86' lang='lat' dir='ltr'><strong>optimae</strong></span> <span class='ocrx_word' id='word_1_140' title='bbox 676 2236 893 2310; x_wconf 77' lang='lat' dir='ltr'><strong>tutissimaeque</strong></span> <span class='ocrx_word' id='word_1_141' title='bbox 918 2240 1011 2294; x_wconf 88' lang='lat' dir='ltr'><strong>custo·</strong></span> 
     </span>
     <span class='ocr_line' id='line_1_21' title="bbox 133 2334 1011 2407; baseline -0.001 -14"><span class='ocrx_word' id='word_1_142' title='bbox 133 2337 204 2394; x_wconf 89' lang='lat' dir='ltr'><strong>diae</strong></span> <span class='ocrx_word' id='word_1_143' title='bbox 221 2352 278 2392; x_wconf 89' lang='lat' dir='ltr'><strong>non</strong></span> <span class='ocrx_word' id='word_1_144' title='bbox 300 2335 387 2390; x_wconf 84' lang='lat' dir='ltr'><strong>audet</strong></span> <span class='ocrx_word' id='word_1_145' title='bbox 406 2334 595 2391; x_wconf 88' lang='lat' dir='ltr'><strong>committere.</strong></span> <span class='ocrx_word' id='word_1_146' title='bbox 617 2334 741 2407; x_wconf 88' lang='lat' dir='ltr'><strong>denique</strong></span> <span class='ocrx_word' id='word_1_147' title='bbox 762 2335 922 2407; x_wconf 77' lang='lat' dir='ltr'><strong>Syracusas</strong></span> <span class='ocrx_word' id='word_1_148' title='bbox 937 2339 1011 2392; x_wconf 86' lang='lat' dir='ltr'><strong>totas</strong></span> 
     </span>
     <span class='ocr_line' id='line_1_22' title="bbox 137 2429 1010 2507; baseline -0.006 -15"><span class='ocrx_word' id='word_1_149' title='bbox 137 2435 244 2492; x_wconf 89' lang='lat' dir='ltr'><strong>timet:</strong></span> <span class='ocrx_word' id='word_1_150' title='bbox 266 2433 414 2490; x_wconf 85' lang='lat' dir='ltr'><strong>Amandat</strong></span> <span class='ocrx_word' id='word_1_151' title='bbox 428 2433 583 2490; x_wconf 90' lang='lat' dir='ltr'><strong>hominem.</strong></span> <span class='ocrx_word' id='word_1_152' title='bbox 605 2429 684 2507; x_wconf 81' lang='lat' dir='ltr'><strong>quo?</strong></span> <span class='ocrx_word' id='word_1_153' title='bbox 698 2432 872 2505; x_wconf 83' lang='lat' dir='ltr'><strong>Lilybaeum</strong></span> <span class='ocrx_word' id='word_1_154' title='bbox 883 2433 1010 2489; x_wconf 82' lang='lat' dir='ltr'><strong>tortasse.</strong></span> 
     </span>
     <span class='ocr_line' id='line_1_23' title="bbox 137 2530 1012 2604; baseline 0 -15"><span class='ocrx_word' id='word_1_155' title='bbox 137 2533 257 2589; x_wconf 89' lang='lat' dir='ltr'><strong>Video:</strong></span> <span class='ocrx_word' id='word_1_156' title='bbox 279 2536 377 2589; x_wconf 89' lang='lat' dir='ltr'><strong>tamen</strong></span> <span class='ocrx_word' id='word_1_157' title='bbox 391 2531 522 2589; x_wconf 88' lang='lat' dir='ltr'><strong>homines</strong></span> <span class='ocrx_word' id='word_1_158' title='bbox 537 2531 694 2588; x_wconf 89' lang='lat' dir='ltr'><strong>maritimos</strong></span> <span class='ocrx_word' id='word_1_159' title='bbox 712 2549 772 2587; x_wconf 91' lang='lat' dir='ltr'><strong>non</strong></span> <span class='ocrx_word' id='word_1_160' title='bbox 786 2533 873 2604; x_wconf 90' lang='lat' dir='ltr'><strong>plane</strong></span> <span class='ocrx_word' id='word_1_161' title='bbox 888 2530 1012 2589; x_wconf 83' lang='lat' dir='ltr'><strong>ret&#39;ormi·</strong></span> 
     </span>
     <span class='ocr_line' id='line_1_24' title="bbox 133 2626 1010 2702; baseline -0.003 -13"><span class='ocrx_word' id='word_1_162' title='bbox 133 2633 198 2690; x_wconf 86' lang='lat' dir='ltr'><strong>dat.</strong></span> <span class='ocrx_word' id='word_1_163' title='bbox 242 2629 376 2698; x_wconf 86' lang='lat' dir='ltr'><strong>Minime,</strong></span> <span class='ocrx_word' id='word_1_164' title='bbox 391 2630 518 2702; x_wconf 85' lang='lat' dir='ltr'><strong>judiees.</strong></span> <span class='ocrx_word' id='word_1_165' title='bbox 560 2630 734 2687; x_wconf 85' lang='lat' dir='ltr'><strong>Panormum</strong></span> <span class='ocrx_word' id='word_1_166' title='bbox 755 2626 868 2702; x_wconf 82' lang='lat' dir='ltr'><strong>igitur?</strong></span> <span class='ocrx_word' id='word_1_167' title='bbox 891 2630 1010 2686; x_wconf 87' lang='lat' dir='ltr'><strong>Audio:</strong></span> 
     </span>
     <span class='ocr_line' id='line_1_25' title="bbox 134 2728 1011 2804; baseline -0.002 -18"><span class='ocrx_word' id='word_1_168' title='bbox 134 2735 312 2804; x_wconf 84' lang='lat' dir='ltr'><strong>quamquam</strong></span> <span class='ocrx_word' id='word_1_169' title='bbox 327 2729 488 2802; x_wconf 86' lang='lat' dir='ltr'><strong>Syracusis,</strong></span> <span class='ocrx_word' id='word_1_170' title='bbox 502 2728 638 2802; x_wconf 91' lang='lat' dir='ltr'><strong>quoniam</strong></span> <span class='ocrx_word' id='word_1_171' title='bbox 660 2729 690 2784; x_wconf 92' lang='lat' dir='ltr'><strong>in</strong></span> <span class='ocrx_word' id='word_1_172' title='bbox 713 2729 897 2799; x_wconf 88' lang='lat' dir='ltr'><strong>Syracusano</strong></span> <span class='ocrx_word' id='word_1_173' title='bbox 910 2732 1011 2800; x_wconf 85' lang='lat' dir='ltr'><strong>captus</strong></span> 
     </span>
     <span class='ocr_line' id='line_1_26' title="bbox 136 2825 1012 2898; baseline -0.001 -13"><span class='ocrx_word' id='word_1_174' title='bbox 136 2833 213 2894; x_wconf 90' lang='lat' dir='ltr'><strong>erat,</strong></span> <span class='ocrx_word' id='word_1_175' title='bbox 228 2826 364 2891; x_wconf 81' lang='lat' dir='ltr'><strong>maxime,</strong></span> <span class='ocrx_word' id='word_1_176' title='bbox 378 2826 402 2882; x_wconf 89' lang='lat' dir='ltr'><strong>si</strong></span> <span class='ocrx_word' id='word_1_177' title='bbox 425 2826 521 2882; x_wconf 90' lang='lat' dir='ltr'><strong>miuus</strong></span> <span class='ocrx_word' id='word_1_178' title='bbox 543 2827 685 2898; x_wconf 90' lang='lat' dir='ltr'><strong>supplicio</strong></span> <span class='ocrx_word' id='word_1_179' title='bbox 707 2825 792 2894; x_wconf 86' lang='lat' dir='ltr'><strong>allici,</strong></span> <span class='ocrx_word' id='word_1_180' title='bbox 816 2830 847 2882; x_wconf 87' lang='lat' dir='ltr'><strong>at</strong></span> <span class='ocrx_word' id='word_1_181' title='bbox 874 2825 1012 2884; x_wconf 86' lang='lat' dir='ltr'><strong>custodiri</strong></span> 
     </span>
     <span class='ocr_line' id='line_1_27' title="bbox 133 2922 1100 3004; baseline 0 -20"><span class='ocrx_word' id='word_1_182' title='bbox 133 2925 300 3000; x_wconf 88' lang='lat' dir='ltr'><strong>oportebat.</strong></span> <span class='ocrx_word' id='word_1_183' title='bbox 332 2925 381 2980; x_wconf 89' lang='lat' dir='ltr'><strong>Ne</strong></span> <span class='ocrx_word' id='word_1_184' title='bbox 398 2924 707 3004; x_wconf 71' lang='lat' dir='ltr'><strong>Panormumquidem.</strong></span> <span class='ocrx_word' id='word_1_185' title='bbox 750 2923 829 2996; x_wconf 80' lang='lat' dir='ltr'><strong>Quid</strong></span> <span class='ocrx_word' id='word_1_186' title='bbox 837 2922 1013 3001; x_wconf 73' lang='lat' dir='ltr'><strong>igiturlquo</strong></span> <span class='ocrx_word' id='word_1_187' title='bbox 1097 2933 1100 2939; x_wconf 85' lang='lat'>&#39;</span> 
     </span>
     <span class='ocr_line' id='line_1_28' title="bbox 136 3020 1011 3100; baseline 0.002 -19"><span class='ocrx_word' id='word_1_188' title='bbox 136 3020 274 3100; x_wconf 83' lang='lat' dir='ltr'><strong>putatis?</strong></span> <span class='ocrx_word' id='word_1_189' title='bbox 296 3025 345 3081; x_wconf 87' lang='lat' dir='ltr'><strong>Ad</strong></span> <span class='ocrx_word' id='word_1_190' title='bbox 360 3023 523 3081; x_wconf 83' lang='lat' dir='ltr'><strong>hominess</strong></span> <span class='ocrx_word' id='word_1_191' title='bbox 537 3023 691 3096; x_wconf 86' lang='lat' dir='ltr'><strong>piratarum</strong></span> <span class='ocrx_word' id='word_1_192' title='bbox 705 3027 783 3080; x_wconf 90' lang='lat' dir='ltr'><strong>metu</strong></span> <span class='ocrx_word' id='word_1_193' title='bbox 798 3028 828 3080; x_wconf 87' lang='lat' dir='ltr'><strong>et</strong></span> <span class='ocrx_word' id='word_1_194' title='bbox 847 3024 1011 3098; x_wconf 87' lang='lat' dir='ltr'><strong>suspicione</strong></span> 
     </span>
     <span class='ocr_line' id='line_1_29' title="bbox 136 3122 1013 3197; baseline 0 -16"><span class='ocrx_word' id='word_1_195' title='bbox 136 3123 352 3181; x_wconf 87' lang='lat' dir='ltr'><strong>alienissimos:</strong></span> <span class='ocrx_word' id='word_1_196' title='bbox 374 3141 392 3180; x_wconf 86' lang='lat' dir='ltr'><strong>a</strong></span> <span class='ocrx_word' id='word_1_197' title='bbox 413 3123 580 3197; x_wconf 84' lang='lat' dir='ltr'><strong>navigando</strong></span> <span class='ocrx_word' id='word_1_198' title='bbox 604 3125 743 3197; x_wconf 89' lang='lat' dir='ltr'><strong>rebusque</strong></span> <span class='ocrx_word' id='word_1_199' title='bbox 757 3122 909 3180; x_wconf 87' lang='lat' dir='ltr'><strong>maritimis</strong></span> <span class='ocrx_word' id='word_1_200' title='bbox 922 3140 1013 3181; x_wconf 92' lang='lat' dir='ltr'><strong>remo·</strong></span> 
     </span>
     <span class='ocr_line' id='line_1_30' title="bbox 137 3220 1012 3296; baseline 0 -16"><span class='ocrx_word' id='word_1_201' title='bbox 137 3222 277 3289; x_wconf 87' lang='lat' dir='ltr'><strong>tissimos,</strong></span> <span class='ocrx_word' id='word_1_202' title='bbox 291 3223 328 3278; x_wconf 88' lang='lat' dir='ltr'><strong>ad</strong></span> <span class='ocrx_word' id='word_1_203' title='bbox 342 3222 556 3296; x_wconf 78' lang='lat' dir='ltr'><strong>Centuripinos,</strong></span> <span class='ocrx_word' id='word_1_204' title='bbox 577 3222 708 3279; x_wconf 81' lang='lat' dir='ltr'><strong>homines</strong></span> <span class='ocrx_word' id='word_1_205' title='bbox 732 3220 860 3276; x_wconf 86' lang='lat' dir='ltr'><strong>maxime</strong></span> <span class='ocrx_word' id='word_1_206' title='bbox 880 3221 1012 3280; x_wconf 87' lang='lat' dir='ltr'><strong>mediter·</strong></span> 
     </span>
    </p>
   </div>
   <div class='ocr_carea' id='block_1_3' title="bbox 131 3371 1012 3689">
    <p class='ocr_par' dir='ltr' id='par_1_3' title="bbox 136 3371 1012 3495">
     <span class='ocr_line' id='line_1_31' title="bbox 152 3371 1012 3446; baseline 0.002 -25"><span class='ocrx_word' id='word_1_207' title='bbox 152 3376 190 3446; x_wconf 39' lang='grc' dir='ltr'><strong>,ω-</strong></span> <span class='ocrx_word' id='word_1_208' title='bbox 206 3373 433 3446; x_wconf 54' lang='lat' dir='ltr'><strong>[emiuentissimae]</strong></span> <span class='ocrx_word' id='word_1_209' title='bbox 445 3375 473 3421; x_wconf 87' lang='lat' dir='ltr'><strong>de</strong></span> <span class='ocrx_word' id='word_1_210' title='bbox 488 3374 523 3421; x_wconf 86' lang='lat' dir='ltr'><strong>bis</strong></span> <span class='ocrx_word' id='word_1_211' title='bbox 532 3387 613 3434; x_wconf 87' lang='lat' dir='ltr'><strong>operae</strong></span> <span class='ocrx_word' id='word_1_212' title='bbox 621 3374 718 3435; x_wconf 83' lang='lat' dir='ltr'><strong>pretium</strong></span> <span class='ocrx_word' id='word_1_213' title='bbox 729 3371 758 3418; x_wconf 88' lang='lat' dir='ltr'><strong>sit</strong></span> <span class='ocrx_word' id='word_1_214' title='bbox 776 3372 851 3430; x_wconf 84' lang='lat' dir='ltr'><strong>legere</strong></span> <span class='ocrx_word' id='word_1_215' title='bbox 860 3372 944 3420; x_wconf 87' lang='lat' dir='ltr'><strong>tradita</strong></span> <span class='ocrx_word' id='word_1_216' title='bbox 953 3374 1012 3424; x_wconf 89' lang='lat' dir='ltr'><strong>Dor-</strong></span> 
     </span>
     <span class='ocr_line' id='line_1_32' title="bbox 136 3433 510 3495; baseline -0.005 -15"><span class='ocrx_word' id='word_1_217' title='bbox 136 3434 207 3480; x_wconf 82' lang='lat' dir='ltr'><strong>vrllro</strong></span> <span class='ocrx_word' id='word_1_218' title='bbox 216 3447 238 3477; x_wconf 86' lang='lat' dir='ltr'><strong>ur</strong></span> <span class='ocrx_word' id='word_1_219' title='bbox 250 3433 334 3480; x_wconf 78' lang='lat' dir='ltr'><strong>ltinere</strong></span> <span class='ocrx_word' id='word_1_220' title='bbox 344 3435 418 3481; x_wconf 74' lang='lat' dir='ltr'><strong>Siculo</strong></span> <span class='ocrx_word' id='word_1_221' title='bbox 427 3448 450 3495; x_wconf 87' lang='lat' dir='ltr'><strong>p.</strong></span> <span class='ocrx_word' id='word_1_222' title='bbox 463 3436 510 3481; x_wconf 81' lang='lat' dir='ltr'><strong>tao.</strong></span> 
     </span>
    </p>

    <p class='ocr_par' dir='ltr' id='par_1_4' title="bbox 131 3509 1011 3689">
     <span class='ocr_line' id='line_1_33' title="bbox 167 3509 1011 3572; baseline 0.001 -15"><span class='ocrx_word' id='word_1_223' title='bbox 167 3511 192 3546; x_wconf 77' lang='lat'><strong>⁸⁷</strong></span> <span class='ocrx_word' id='word_1_224' title='bbox 207 3525 272 3557; x_wconf 74' lang='lat' dir='ltr'><strong>aaran</strong></span> <span class='ocrx_word' id='word_1_225' title='bbox 279 3510 321 3557; x_wconf 81' lang='lat' dir='ltr'><strong>ille</strong></span> <span class='ocrx_word' id='word_1_226' title='bbox 329 3511 536 3572; x_wconf 76' lang='lat' dir='ltr'><strong>ducqnnereretnr]</strong></span> <span class='ocrx_word' id='word_1_227' title='bbox 552 3525 581 3557; x_wconf 90' lang='lat' dir='ltr'><strong>ne</strong></span> <span class='ocrx_word' id='word_1_228' title='bbox 589 3510 683 3572; x_wconf 81' lang='lat' dir='ltr'><strong>piratae,</strong></span> <span class='ocrx_word' id='word_1_229' title='bbox 693 3511 716 3558; x_wconf 85' lang='lat' dir='ltr'><strong>in</strong></span> <span class='ocrx_word' id='word_1_230' title='bbox 728 3510 843 3559; x_wconf 86' lang='lat' dir='ltr'><strong>lautumiis</strong></span> <span class='ocrx_word' id='word_1_231' title='bbox 852 3509 890 3572; x_wconf 88' lang='lat' dir='ltr'><strong>qui</strong></span> <span class='ocrx_word' id='word_1_232' title='bbox 899 3516 979 3567; x_wconf 75' lang='lat' dir='ltr'><strong>essent,</strong></span> <span class='ocrx_word' id='word_1_233' title='bbox 986 3515 1011 3558; x_wconf 86' lang='lat' dir='ltr'><strong>et</strong></span> 
     </span>
     <span class='ocr_line' id='line_1_34' title="bbox 131 3569 1009 3631; baseline -0.005 -11"><span class='ocrx_word' id='word_1_234' title='bbox 131 3571 203 3620; x_wconf 89' lang='lat' dir='ltr'><strong>illum</strong></span> <span class='ocrx_word' id='word_1_235' title='bbox 215 3569 372 3631; x_wconf 81' lang='lat' dir='ltr'><strong>archipiratam</strong></span> <span class='ocrx_word' id='word_1_236' title='bbox 382 3575 477 3628; x_wconf 86' lang='lat' dir='ltr'><strong>nossent,</strong></span> <span class='ocrx_word' id='word_1_237' title='bbox 489 3572 547 3616; x_wconf 87' lang='lat' dir='ltr'><strong>bunc</strong></span> <span class='ocrx_word' id='word_1_238' title='bbox 556 3584 601 3616; x_wconf 91' lang='lat' dir='ltr'><strong>non</strong></span> <span class='ocrx_word' id='word_1_239' title='bbox 614 3575 764 3629; x_wconf 76' lang='lat' dir='ltr'><strong>agnoscerent,</strong></span> <span class='ocrx_word' id='word_1_240' title='bbox 775 3576 801 3618; x_wconf 93' lang='lat' dir='ltr'><strong>et</strong></span> <span class='ocrx_word' id='word_1_241' title='bbox 808 3585 885 3618; x_wconf 83' lang='lat' dir='ltr'><strong>vamur</strong></span> <span class='ocrx_word' id='word_1_242' title='bbox 890 3570 1009 3629; x_wconf 80' lang='lat' dir='ltr'><strong>archipira-</strong></span> 
     </span>
     <span class='ocr_line' id='line_1_35' title="bbox 136 3629 629 3689; baseline -0.004 -13"><span class='ocrx_word' id='word_1_243' title='bbox 136 3637 188 3682; x_wconf 79' lang='lat' dir='ltr'><strong>tam</strong></span> <span class='ocrx_word' id='word_1_244' title='bbox 199 3629 362 3687; x_wconf 63' lang='lat' dir='ltr'><strong>reddentem</strong></span> <span class='ocrx_word' id='word_1_245' title='bbox 378 3644 399 3674; x_wconf 84' lang='lat' dir='ltr'><strong>v.</strong></span> <span class='ocrx_word' id='word_1_246' title='bbox 410 3629 476 3676; x_wconf 79' lang='lat' dir='ltr'><strong>Clas.</strong></span> <span class='ocrx_word' id='word_1_247' title='bbox 487 3629 629 3689; x_wconf 76' lang='lat' dir='ltr'><strong>inquaerere.</strong></span> 
     </span>
    </p>
   </div>
   <div class='ocr_carea' id='block_1_4' title="bbox 0 0 1218 4212">
    <p class='ocr_par' dir='ltr' id='par_1_5' title="bbox 0 0 1218 4212">
     <span class='ocr_line' id='line_1_36' title="bbox 0 0 1218 4212; baseline 0 0"><span class='ocrx_word' id='word_1_248' title='bbox 0 0 1218 4212; x_wconf 95' lang='lat' dir='ltr'><strong> </strong></span> 
     </span>
    </p>
   </div>
  </div>
 </body>
</html>
