<?xml version="1.0" encoding="UTF-8"?>
<!DOCTYPE html PUBLIC "-//W3C//DTD XHTML 1.0 Transitional//EN"
    "http://www.w3.org/TR/xhtml1/DTD/xhtml1-transitional.dtd">
<html xmlns="http://www.w3.org/1999/xhtml" xml:lang="en" lang="en">
 <head>
  <title>
</title>
<meta http-equiv="Content-Type" content="text/html;charset=utf-8" />
  <meta name='ocr-system' content='tesseract 3.04.00' />
  <meta name='ocr-capabilities' content='ocr_page ocr_carea ocr_par ocr_line ocrx_word'/>
</head>
<body>
  <div class='ocr_page' id='page_1' title='image "./mtvlliiciceroni10cicegoog/mtvlliiciceroni10cicegoog_0094.png"; bbox 0 0 2438 4206; ppageno 0'>
   <div class='ocr_carea' id='block_1_1' title="bbox 373 317 1011 380">
    <p class='ocr_par' dir='ltr' id='par_1_1' title="bbox 373 317 1011 380">
     <span class='ocr_line' id='line_1_1' title="bbox 373 317 1011 380; baseline -0.017 -8"><span class='ocrx_word' id='word_1_1' title='bbox 373 321 443 372; x_wconf 71' lang='lat' dir='ltr'><strong>aer.</strong></span> <span class='ocrx_word' id='word_1_2' title='bbox 460 322 490 370; x_wconf 90' lang='lat'><strong>11.</strong></span> <span class='ocrx_word' id='word_1_3' title='bbox 515 319 614 370; x_wconf 80' lang='lat' dir='ltr'><strong>maer</strong></span> <span class='ocrx_word' id='word_1_4' title='bbox 626 317 774 369; x_wconf 73' lang='lat' dir='ltr'><strong>umarus.</strong></span> <span class='ocrx_word' id='word_1_5' title='bbox 971 321 1011 380; x_wconf 80' lang='lat'><strong>65</strong></span> 
     </span>
    </p>
   </div>
   <div class='ocr_carea' id='block_1_2' title="bbox 144 465 1068 1320">
    <p class='ocr_par' dir='ltr' id='par_1_2' title="bbox 144 465 1068 1320">
     <span class='ocr_line' id='line_1_2' title="bbox 144 465 1013 539; baseline -0.006 -15"><span class='ocrx_word' id='word_1_6' title='bbox 144 465 282 526; x_wconf 85' lang='lat' dir='ltr'><strong>decumas</strong></span> <span class='ocrx_word' id='word_1_7' title='bbox 296 469 406 527; x_wconf 88' lang='lat' dir='ltr'><strong>darent.</strong></span> <span class='ocrx_word' id='word_1_8' title='bbox 446 469 545 537; x_wconf 88' lang='lat' dir='ltr'><strong>Nunc,</strong></span> <span class='ocrx_word' id='word_1_9' title='bbox 559 473 592 527; x_wconf 88' lang='lat' dir='ltr'><strong>ut</strong></span> <span class='ocrx_word' id='word_1_10' title='bbox 605 469 662 526; x_wconf 90' lang='lat' dir='ltr'><strong>boc</strong></span> <span class='ocrx_word' id='word_1_11' title='bbox 681 472 809 539; x_wconf 86' lang='lat' dir='ltr'><strong>tempere</strong></span> <span class='ocrx_word' id='word_1_12' title='bbox 823 480 868 532; x_wconf 90' lang='lat' dir='ltr'><strong>ea,</strong></span> <span class='ocrx_word' id='word_1_13' title='bbox 884 479 958 539; x_wconf 89' lang='lat' dir='ltr'><strong>quae</strong></span> <span class='ocrx_word' id='word_1_14' title='bbox 971 479 1013 520; x_wconf 86' lang='lat' dir='ltr'><strong>ra·</strong></span> 
     </span>
     <span class='ocr_line' id='line_1_3' title="bbox 145 561 1013 642; baseline -0.002 -20"><span class='ocrx_word' id='word_1_15' title='bbox 145 563 205 639; x_wconf 80' lang='lat' dir='ltr'><strong>gie,</strong></span> <span class='ocrx_word' id='word_1_16' title='bbox 215 585 267 624; x_wconf 88' lang='lat' dir='ltr'><strong>eeu</strong></span> <span class='ocrx_word' id='word_1_17' title='bbox 278 568 372 641; x_wconf 89' lang='lat' dir='ltr'><strong>potius</strong></span> <span class='ocrx_word' id='word_1_18' title='bbox 388 568 549 642; x_wconf 80' lang='lat' dir='ltr'><strong>tyrannice,</strong></span> <span class='ocrx_word' id='word_1_19' title='bbox 560 567 661 626; x_wconf 78' lang='lat' dir='ltr'><strong>statuit</strong></span> <span class='ocrx_word' id='word_1_20' title='bbox 675 567 707 624; x_wconf 91' lang='lat' dir='ltr'><strong>in</strong></span> <span class='ocrx_word' id='word_1_21' title='bbox 717 569 843 623; x_wconf 83' lang='lat' dir='ltr'><strong>aratores</strong></span> <span class='ocrx_word' id='word_1_22' title='bbox 857 561 1013 637; x_wconf 75' lang='lat' dir='ltr'>Apronius,</span> 
     </span>
     <span class='ocr_line' id='line_1_4' title="bbox 146 662 1013 740; baseline -0.003 -21"><span class='ocrx_word' id='word_1_23' title='bbox 146 665 389 735; x_wconf 76' lang='lat' dir='ltr'><strong>praetermittam:</strong></span> <span class='ocrx_word' id='word_1_24' title='bbox 410 685 505 740; x_wconf 90' lang='lat' dir='ltr'><strong>neque</strong></span> <span class='ocrx_word' id='word_1_25' title='bbox 519 685 569 723; x_wconf 90' lang='lat' dir='ltr'><strong>eos</strong></span> <span class='ocrx_word' id='word_1_26' title='bbox 591 668 746 740; x_wconf 81' lang='lat' dir='ltr'><strong>appellem,</strong></span> <span class='ocrx_word' id='word_1_27' title='bbox 767 681 785 720; x_wconf 87' lang='lat' dir='ltr'><strong>a</strong></span> <span class='ocrx_word' id='word_1_28' title='bbox 807 662 908 738; x_wconf 89' lang='lat' dir='ltr'><strong>quibus</strong></span> <span class='ocrx_word' id='word_1_29' title='bbox 927 678 1013 720; x_wconf 87' lang='lat' dir='ltr'><strong>omne</strong></span> 
     </span>
     <span class='ocr_line' id='line_1_5' title="bbox 144 759 1014 840; baseline -0.001 -24"><span class='ocrx_word' id='word_1_30' title='bbox 144 759 314 820; x_wconf 71' lang='lat' dir='ltr'><strong>termentum</strong></span> <span class='ocrx_word' id='word_1_31' title='bbox 328 765 442 838; x_wconf 83' lang='lat' dir='ltr'><strong>eripuit,</strong></span> <span class='ocrx_word' id='word_1_32' title='bbox 453 769 484 822; x_wconf 92' lang='lat' dir='ltr'><strong>et</strong></span> <span class='ocrx_word' id='word_1_33' title='bbox 496 765 598 840; x_wconf 86' lang='lat' dir='ltr'><strong>quibus</strong></span> <span class='ocrx_word' id='word_1_34' title='bbox 612 764 686 822; x_wconf 82' lang='lat' dir='ltr'><strong>nihil</strong></span> <span class='ocrx_word' id='word_1_35' title='bbox 697 780 756 820; x_wconf 89' lang='lat' dir='ltr'><strong>non</strong></span> <span class='ocrx_word' id='word_1_36' title='bbox 767 761 853 820; x_wconf 89' lang='lat' dir='ltr'><strong>modo</strong></span> <span class='ocrx_word' id='word_1_37' title='bbox 862 761 900 817; x_wconf 86' lang='lat' dir='ltr'><strong>de</strong></span> <span class='ocrx_word' id='word_1_38' title='bbox 912 761 1014 826; x_wconf 79' lang='lat' dir='ltr'><strong>fructu,</strong></span> 
     </span>
     <span class='ocr_line' id='line_1_6' title="bbox 144 856 1016 938; baseline -0.001 -23"><span class='ocrx_word' id='word_1_39' title='bbox 144 861 195 916; x_wconf 85' lang='lat' dir='ltr'><strong>sed</strong></span> <span class='ocrx_word' id='word_1_40' title='bbox 210 879 246 918; x_wconf 94' lang='lat' dir='ltr'><strong>ne</strong></span> <span class='ocrx_word' id='word_1_41' title='bbox 255 861 292 918; x_wconf 88' lang='lat' dir='ltr'><strong>de</strong></span> <span class='ocrx_word' id='word_1_42' title='bbox 302 863 386 920; x_wconf 89' lang='lat' dir='ltr'><strong>bonis</strong></span> <span class='ocrx_word' id='word_1_43' title='bbox 400 863 517 938; x_wconf 90' lang='lat' dir='ltr'><strong>quidem</strong></span> <span class='ocrx_word' id='word_1_44' title='bbox 530 864 589 921; x_wconf 85' lang='lat' dir='ltr'><strong>suis</strong></span> <span class='ocrx_word' id='word_1_45' title='bbox 602 862 705 937; x_wconf 82' lang='lat' dir='ltr'><strong>reliqui</strong></span> <span class='ocrx_word' id='word_1_46' title='bbox 714 861 801 918; x_wconf 83' lang='lat' dir='ltr'><strong>lecit:</strong></span> <span class='ocrx_word' id='word_1_47' title='bbox 822 877 861 916; x_wconf 87' lang='lat' dir='ltr'><strong>ex</strong></span> <span class='ocrx_word' id='word_1_48' title='bbox 871 858 917 915; x_wconf 89' lang='lat' dir='ltr'><strong>bis</strong></span> <span class='ocrx_word' id='word_1_49' title='bbox 926 856 1016 914; x_wconf 77' lang='lat' dir='ltr'><strong>ternis</strong></span> 
     </span>
     <span class='ocr_line' id='line_1_7' title="bbox 144 949 1017 1036; baseline -0.003 -22"><span class='ocrx_word' id='word_1_50' title='bbox 144 957 300 1015; x_wconf 75' lang='lat' dir='ltr'><strong>medimnis</strong></span> <span class='ocrx_word' id='word_1_51' title='bbox 318 955 408 1036; x_wconf 91' lang='lat' dir='ltr'><strong>(quod</strong></span> <span class='ocrx_word' id='word_1_52' title='bbox 427 961 564 1018; x_wconf 85' lang='lat' dir='ltr'><strong>beneficii</strong></span> <span class='ocrx_word' id='word_1_53' title='bbox 576 961 741 1035; x_wconf 73' lang='lat' dir='ltr'><strong>gratiaeque</strong></span> <span class='ocrx_word' id='word_1_54' title='bbox 754 975 843 1017; x_wconf 85' lang='lat' dir='ltr'><strong>causa</strong></span> <span class='ocrx_word' id='word_1_55' title='bbox 856 949 1017 1031; x_wconf 85' lang='lat' dir='ltr'><strong>concessit)</strong></span> 
     </span>
     <span class='ocr_line' id='line_1_8' title="bbox 147 1053 1068 1130; baseline 0.004 -18"><span class='ocrx_word' id='word_1_56' title='bbox 147 1055 217 1128; x_wconf 90' lang='lat' dir='ltr'><strong>quid</strong></span> <span class='ocrx_word' id='word_1_57' title='bbox 230 1057 305 1112; x_wconf 85' lang='lat' dir='ltr'><strong>lueri</strong></span> <span class='ocrx_word' id='word_1_58' title='bbox 317 1057 377 1123; x_wconf 83' lang='lat' dir='ltr'><strong>fiat,</strong></span> <span class='ocrx_word' id='word_1_59' title='bbox 389 1058 566 1130; x_wconf 63' lang='lat' dir='ltr'><strong>commite.</strong></span> <span class='ocrx_word' id='word_1_60' title='bbox 594 1058 738 1116; x_wconf 86' lang='lat' dir='ltr'><strong>Prolessio</strong></span> <span class='ocrx_word' id='word_1_61' title='bbox 749 1061 794 1114; x_wconf 84' lang='lat' dir='ltr'><strong>eat</strong></span> <span class='ocrx_word' id='word_1_62' title='bbox 807 1055 869 1130; x_wconf 79' lang='lat' dir='ltr'><strong>agri</strong></span> <span class='ocrx_word' id='word_1_63' title='bbox 876 1053 1017 1113; x_wconf 83' lang='lat' dir='ltr'><strong>Leontini</strong></span> <span class='ocrx_word' id='word_1_64' title='bbox 1026 1055 1068 1116; x_wconf 77' lang='lat' dir='ltr'><strong>ta</strong></span> 
     </span>
     <span class='ocr_line' id='line_1_9' title="bbox 149 1151 1017 1226; baseline 0.002 -18"><span class='ocrx_word' id='word_1_65' title='bbox 149 1151 187 1208; x_wconf 82' lang='lat' dir='ltr'><strong>ad</strong></span> <span class='ocrx_word' id='word_1_66' title='bbox 198 1153 333 1226; x_wconf 85' lang='lat' dir='ltr'><strong>jugerum</strong></span> <span class='ocrx_word' id='word_1_67' title='bbox 345 1171 410 1210; x_wconf 87' lang='lat' dir='ltr'><strong>xxx</strong></span> <span class='ocrx_word' id='word_1_68' title='bbox 424 1155 525 1211; x_wconf 89' lang='lat' dir='ltr'><strong>millia.</strong></span> <span class='ocrx_word' id='word_1_69' title='bbox 567 1155 649 1212; x_wconf 82' lang='lat' dir='ltr'><strong>llaec</strong></span> <span class='ocrx_word' id='word_1_70' title='bbox 660 1160 727 1213; x_wconf 87' lang='lat' dir='ltr'><strong>sunt</strong></span> <span class='ocrx_word' id='word_1_71' title='bbox 739 1157 776 1212; x_wconf 93' lang='lat' dir='ltr'><strong>ad</strong></span> <span class='ocrx_word' id='word_1_72' title='bbox 793 1153 884 1211; x_wconf 88' lang='lat' dir='ltr'><strong>tritici</strong></span> <span class='ocrx_word' id='word_1_73' title='bbox 897 1151 1017 1210; x_wconf 89' lang='lat' dir='ltr'><strong>medim-</strong></span> 
     </span>
     <span class='ocr_line' id='line_1_10' title="bbox 150 1245 1018 1320; baseline -0.001 -12"><span class='ocrx_word' id='word_1_74' title='bbox 150 1245 222 1308; x_wconf 80' lang='lat' dir='ltr'><strong>nim</strong></span> <span class='ocrx_word' id='word_1_75' title='bbox 236 1269 283 1320; x_wconf 87' lang='lat' dir='ltr'><strong>xe,</strong></span> <span class='ocrx_word' id='word_1_76' title='bbox 297 1251 328 1308; x_wconf 90' lang='lat' dir='ltr'><strong>ld</strong></span> <span class='ocrx_word' id='word_1_77' title='bbox 348 1257 401 1320; x_wconf 84' lang='lat' dir='ltr'><strong>est,</strong></span> <span class='ocrx_word' id='word_1_78' title='bbox 416 1251 507 1310; x_wconf 80' lang='lat' dir='ltr'><strong>tritici</strong></span> <span class='ocrx_word' id='word_1_79' title='bbox 530 1251 658 1310; x_wconf 72' lang='lat' dir='ltr'><strong>melium</strong></span> <span class='ocrx_word' id='word_1_80' title='bbox 678 1271 742 1310; x_wconf 81' lang='lat' dir='ltr'><strong>uxr.</strong></span> <span class='ocrx_word' id='word_1_81' title='bbox 764 1251 865 1309; x_wconf 87' lang='lat' dir='ltr'><strong>millia.</strong></span> <span class='ocrx_word' id='word_1_82' title='bbox 885 1251 1018 1308; x_wconf 82' lang='lat' dir='ltr'><strong>deductis</strong></span> 
     </span>
    </p>
   </div>
   <div class='ocr_carea' id='block_1_3' title="bbox 148 1347 1020 1816">
    <p class='ocr_par' dir='ltr' id='par_1_3' title="bbox 148 1347 1020 1816">
     <span class='ocr_line' id='line_1_11' title="bbox 148 1347 1020 1425; baseline -0.001 -19"><span class='ocrx_word' id='word_1_83' title='bbox 148 1347 238 1406; x_wconf 84' lang='lat' dir='ltr'><strong>tritici</strong></span> <span class='ocrx_word' id='word_1_84' title='bbox 251 1347 379 1406; x_wconf 73' lang='lat' dir='ltr'><strong>modium</strong></span> <span class='ocrx_word' id='word_1_85' title='bbox 398 1367 492 1408; x_wconf 84' lang='lat' dir='ltr'><strong>ccxvr</strong></span> <span class='ocrx_word' id='word_1_86' title='bbox 505 1349 642 1420; x_wconf 87' lang='lat' dir='ltr'><strong>millibus,</strong></span> <span class='ocrx_word' id='word_1_87' title='bbox 655 1350 756 1425; x_wconf 84' lang='lat' dir='ltr'><strong>quanli</strong></span> <span class='ocrx_word' id='word_1_88' title='bbox 768 1351 907 1406; x_wconf 79' lang='lat' dir='ltr'><strong>decumae</strong></span> <span class='ocrx_word' id='word_1_89' title='bbox 920 1349 1020 1406; x_wconf 88' lang='lat' dir='ltr'><strong>venie·</strong></span> 
     </span>
     <span class='ocr_line' id='line_1_12' title="bbox 148 1446 1019 1518; baseline 0.002 -16"><span class='ocrx_word' id='word_1_90' title='bbox 148 1451 223 1514; x_wconf 87' lang='lat' dir='ltr'><strong>runt,</strong></span> <span class='ocrx_word' id='word_1_91' title='bbox 237 1447 348 1518; x_wconf 80' lang='lat' dir='ltr'><strong>reliqua</strong></span> <span class='ocrx_word' id='word_1_92' title='bbox 369 1453 437 1506; x_wconf 82' lang='lat' dir='ltr'><strong>sunt</strong></span> <span class='ocrx_word' id='word_1_93' title='bbox 459 1449 550 1507; x_wconf 87' lang='lat' dir='ltr'><strong>tritici</strong></span> <span class='ocrx_word' id='word_1_94' title='bbox 573 1467 706 1507; x_wconf 85' lang='lat' dir='ltr'><strong>cccxx1v</strong></span> <span class='ocrx_word' id='word_1_95' title='bbox 718 1447 821 1506; x_wconf 87' lang='lat' dir='ltr'><strong>millia.</strong></span> <span class='ocrx_word' id='word_1_96' title='bbox 842 1448 917 1504; x_wconf 88' lang='lat' dir='ltr'><strong>adde</strong></span> <span class='ocrx_word' id='word_1_97' title='bbox 931 1446 1019 1504; x_wconf 85' lang='lat' dir='ltr'><strong>totius</strong></span> 
     </span>
     <span class='ocr_line' id='line_1_13' title="bbox 148 1544 1019 1622; baseline 0.002 -22"><span class='ocrx_word' id='word_1_98' title='bbox 148 1561 276 1602; x_wconf 83' lang='lat' dir='ltr'><strong>summae</strong></span> <span class='ocrx_word' id='word_1_99' title='bbox 290 1563 364 1604; x_wconf 79' lang='lat' dir='ltr'><strong>mxu</strong></span> <span class='ocrx_word' id='word_1_100' title='bbox 384 1547 508 1604; x_wconf 89' lang='lat' dir='ltr'><strong>millium</strong></span> <span class='ocrx_word' id='word_1_101' title='bbox 530 1546 657 1605; x_wconf 79' lang='lat' dir='ltr'><strong>modium</strong></span> <span class='ocrx_word' id='word_1_102' title='bbox 679 1552 737 1604; x_wconf 88' lang='lat' dir='ltr'><strong>tres</strong></span> <span class='ocrx_word' id='word_1_103' title='bbox 757 1544 1019 1622; x_wconf 79' lang='lat' dir='ltr'><strong>quinquagesimae,</strong></span> 
     </span>
     <span class='ocr_line' id='line_1_14' title="bbox 151 1641 1018 1721; baseline 0 -21"><span class='ocrx_word' id='word_1_104' title='bbox 151 1641 183 1700; x_wconf 90' lang='lat' dir='ltr'><strong>id</strong></span> <span class='ocrx_word' id='word_1_105' title='bbox 197 1648 252 1710; x_wconf 87' lang='lat' dir='ltr'><strong>eet,</strong></span> <span class='ocrx_word' id='word_1_106' title='bbox 265 1643 355 1701; x_wconf 87' lang='lat' dir='ltr'><strong>tritici</strong></span> <span class='ocrx_word' id='word_1_107' title='bbox 368 1643 498 1702; x_wconf 76' lang='lat' dir='ltr'><strong>modium</strong></span> <span class='ocrx_word' id='word_1_108' title='bbox 510 1663 599 1702; x_wconf 86' lang='lat' dir='ltr'><strong>xxxn</strong></span> <span class='ocrx_word' id='word_1_109' title='bbox 614 1645 707 1702; x_wconf 90' lang='lat' dir='ltr'><strong>millia</strong></span> <span class='ocrx_word' id='word_1_110' title='bbox 720 1661 802 1703; x_wconf 87' lang='lat' dir='ltr'><strong>cccc.</strong></span> <span class='ocrx_word' id='word_1_111' title='bbox 822 1641 872 1721; x_wconf 88' lang='lat' dir='ltr'><strong>(ab</strong></span> <span class='ocrx_word' id='word_1_112' title='bbox 886 1645 1018 1700; x_wconf 84' lang='lat' dir='ltr'><strong>omnibus</strong></span> 
     </span>
     <span class='ocr_line' id='line_1_15' title="bbox 153 1737 1020 1816; baseline 0.002 -20"><span class='ocrx_word' id='word_1_113' title='bbox 153 1740 234 1796; x_wconf 91' lang='lat' dir='ltr'><strong>enim</strong></span> <span class='ocrx_word' id='word_1_114' title='bbox 255 1745 355 1796; x_wconf 86' lang='lat' dir='ltr'><strong>ternae</strong></span> <span class='ocrx_word' id='word_1_115' title='bbox 369 1747 520 1814; x_wconf 85' lang='lat' dir='ltr'><strong>praeterea</strong></span> <span class='ocrx_word' id='word_1_116' title='bbox 532 1741 785 1813; x_wconf 76' lang='lat' dir='ltr'><strong>quinquagesimae</strong></span> <span class='ocrx_word' id='word_1_117' title='bbox 806 1737 1020 1816; x_wconf 78' lang='lat' dir='ltr'><strong>exigebantur.)</strong></span> 
     </span>
    </p>
   </div>
   <div class='ocr_carea' id='block_1_4' title="bbox 149 1830 1022 3346">
    <p class='ocr_par' dir='ltr' id='par_1_4' title="bbox 149 1830 1022 3346">
     <span class='ocr_line' id='line_1_16' title="bbox 149 1830 1021 1910; baseline 0 -16"><span class='ocrx_word' id='word_1_118' title='bbox 149 1842 219 1895; x_wconf 85' lang='lat' dir='ltr'><strong>sunt</strong></span> <span class='ocrx_word' id='word_1_119' title='bbox 231 1830 422 1910; x_wconf 86' lang='lat' dir='ltr'><strong>baecjamad</strong></span> <span class='ocrx_word' id='word_1_120' title='bbox 432 1852 539 1895; x_wconf 77' lang='lat' dir='ltr'><strong>eccum</strong></span> <span class='ocrx_word' id='word_1_121' title='bbox 550 1837 652 1905; x_wconf 86' lang='lat' dir='ltr'><strong>millia,</strong></span> <span class='ocrx_word' id='word_1_122' title='bbox 660 1855 732 1894; x_wconf 88' lang='lat' dir='ltr'><strong>cccc</strong></span> <span class='ocrx_word' id='word_1_123' title='bbox 746 1839 821 1894; x_wconf 87' lang='lat' dir='ltr'><strong>med.</strong></span> <span class='ocrx_word' id='word_1_124' title='bbox 835 1837 933 1895; x_wconf 87' lang='lat' dir='ltr'><strong>tritici.</strong></span> <span class='ocrx_word' id='word_1_125' title='bbox 978 1839 1021 1896; x_wconf 82' lang='lat' dir='ltr'><strong>At</strong></span> 
     </span>
     <span class='ocr_line' id='line_1_17' title="bbox 149 1919 1019 2010; baseline 0 -16"><span class='ocrx_word' id='word_1_126' title='bbox 149 1953 205 2010; x_wconf 83' lang='lat' dir='ltr'><strong>ege</strong></span> <span class='ocrx_word' id='word_1_127' title='bbox 219 1951 291 1994; x_wconf 83' lang='lat' dir='ltr'><strong>ecce</strong></span> <span class='ocrx_word' id='word_1_128' title='bbox 306 1935 397 1993; x_wconf 87' lang='lat' dir='ltr'><strong>millia</strong></span> <span class='ocrx_word' id='word_1_129' title='bbox 419 1935 492 1994; x_wconf 88' lang='lat' dir='ltr'><strong>lucri</strong></span> <span class='ocrx_word' id='word_1_130' title='bbox 516 1936 594 1992; x_wconf 84' lang='lat' dir='ltr'><strong>tecta</strong></span> <span class='ocrx_word' id='word_1_131' title='bbox 616 1919 681 1992; x_wconf 88' lang='lat' dir='ltr'><strong>esse</strong></span> <span class='ocrx_word' id='word_1_132' title='bbox 695 1936 835 1994; x_wconf 79' lang='lat' dir='ltr'><strong>dixeram.</strong></span> <span class='ocrx_word' id='word_1_133' title='bbox 857 1954 915 1993; x_wconf 88' lang='lat' dir='ltr'><strong>non</strong></span> <span class='ocrx_word' id='word_1_134' title='bbox 938 1935 1019 1994; x_wconf 86' lang='lat' dir='ltr'><strong>enim</strong></span> 
     </span>
     <span class='ocr_line' id='line_1_18' title="bbox 149 2033 1020 2107; baseline 0 -15"><span class='ocrx_word' id='word_1_135' title='bbox 149 2033 269 2092; x_wconf 86' lang='lat' dir='ltr'><strong>ducein</strong></span> <span class='ocrx_word' id='word_1_136' title='bbox 283 2033 339 2091; x_wconf 88' lang='lat' dir='ltr'><strong>hac</strong></span> <span class='ocrx_word' id='word_1_137' title='bbox 353 2033 466 2094; x_wconf 81' lang='lat' dir='ltr'><strong>ratione</strong></span> <span class='ocrx_word' id='word_1_138' title='bbox 486 2051 546 2101; x_wconf 85' lang='lat' dir='ltr'><strong>eus,</strong></span> <span class='ocrx_word' id='word_1_139' title='bbox 559 2034 661 2107; x_wconf 78' lang='lat' dir='ltr'><strong>quillus</strong></span> <span class='ocrx_word' id='word_1_140' title='bbox 683 2034 771 2091; x_wconf 87' lang='lat' dir='ltr'><strong>ternis</strong></span> <span class='ocrx_word' id='word_1_141' title='bbox 792 2035 946 2092; x_wconf 87' lang='lat' dir='ltr'><strong>medimnis</strong></span> <span class='ocrx_word' id='word_1_142' title='bbox 961 2049 1020 2092; x_wconf 88' lang='lat' dir='ltr'><strong>non</strong></span> 
     </span>
     <span class='ocr_line' id='line_1_19' title="bbox 151 2131 1020 2206; baseline 0 -16"><span class='ocrx_word' id='word_1_143' title='bbox 151 2135 197 2190; x_wconf 86' lang='lat' dir='ltr'><strong>eet</strong></span> <span class='ocrx_word' id='word_1_144' title='bbox 214 2133 328 2189; x_wconf 90' lang='lat' dir='ltr'><strong>licitum</strong></span> <span class='ocrx_word' id='word_1_145' title='bbox 349 2131 495 2190; x_wconf 78' lang='lat' dir='ltr'><strong>decidere.</strong></span> <span class='ocrx_word' id='word_1_146' title='bbox 544 2133 666 2200; x_wconf 85' lang='lat' dir='ltr'><strong>Verum,</strong></span> <span class='ocrx_word' id='word_1_147' title='bbox 690 2138 721 2190; x_wconf 91' lang='lat' dir='ltr'><strong>ut</strong></span> <span class='ocrx_word' id='word_1_148' title='bbox 742 2135 798 2190; x_wconf 89' lang='lat' dir='ltr'><strong>hac</strong></span> <span class='ocrx_word' id='word_1_149' title='bbox 821 2133 885 2206; x_wconf 86' lang='lat' dir='ltr'><strong>ipse</strong></span> <span class='ocrx_word' id='word_1_150' title='bbox 908 2135 1020 2192; x_wconf 85' lang='lat' dir='ltr'><strong>ratione</strong></span> 
     </span>
     <span class='ocr_line' id='line_1_20' title="bbox 152 2229 1021 2305; baseline 0.003 -18"><span class='ocrx_word' id='word_1_151' title='bbox 152 2247 292 2287; x_wconf 83' lang='lat' dir='ltr'><strong>summam</strong></span> <span class='ocrx_word' id='word_1_152' title='bbox 306 2231 364 2288; x_wconf 90' lang='lat' dir='ltr'><strong>mei</strong></span> <span class='ocrx_word' id='word_1_153' title='bbox 374 2231 507 2305; x_wconf 81' lang='lat' dir='ltr'><strong>promissi</strong></span> <span class='ocrx_word' id='word_1_154' title='bbox 519 2233 691 2304; x_wconf 75' lang='lat' dir='ltr'><strong>compleam,</strong></span> <span class='ocrx_word' id='word_1_155' title='bbox 700 2229 767 2288; x_wconf 75' lang='lat' dir='ltr'><strong>”ed</strong></span> <span class='ocrx_word' id='word_1_156' title='bbox 776 2231 890 2304; x_wconf 77' lang='lat' dir='ltr'><strong>singula</strong></span> <span class='ocrx_word' id='word_1_157' title='bbox 902 2233 1021 2290; x_wconf 88' lang='lat' dir='ltr'><strong>medim-</strong></span> 
     </span>
     <span class='ocr_line' id='line_1_21' title="bbox 153 2327 1021 2402; baseline -0.001 -15"><span class='ocrx_word' id='word_1_158' title='bbox 153 2345 194 2387; x_wconf 85' lang='lat' dir='ltr'><strong>na</strong></span> <span class='ocrx_word' id='word_1_159' title='bbox 204 2327 287 2386; x_wconf 91' lang='lat' dir='ltr'><strong>multi</strong></span> <span class='ocrx_word' id='word_1_160' title='bbox 301 2330 364 2386; x_wconf 87' lang='lat' dir='ltr'><strong>H·S</strong></span> <span class='ocrx_word' id='word_1_161' title='bbox 378 2331 444 2398; x_wconf 87' lang='lat' dir='ltr'><strong>due,</strong></span> <span class='ocrx_word' id='word_1_162' title='bbox 459 2330 542 2386; x_wconf 88' lang='lat' dir='ltr'><strong>multi</strong></span> <span class='ocrx_word' id='word_1_163' title='bbox 558 2329 621 2386; x_wconf 89' lang='lat' dir='ltr'><strong>H·S</strong></span> <span class='ocrx_word' id='word_1_164' title='bbox 635 2327 761 2402; x_wconf 89' lang='lat' dir='ltr'><strong>quinque</strong></span> <span class='ocrx_word' id='word_1_165' title='bbox 784 2327 961 2386; x_wconf 81' lang='lat' dir='ltr'><strong>accessionis</strong></span> <span class='ocrx_word' id='word_1_166' title='bbox 973 2347 1021 2386; x_wconf 87' lang='lat' dir='ltr'><strong>en·</strong></span> 
     </span>
     <span class='ocr_line' id='line_1_22' title="bbox 151 2427 1019 2502; baseline 0.005 -20"><span class='ocrx_word' id='word_1_167' title='bbox 151 2427 294 2501; x_wconf 83' lang='lat' dir='ltr'><strong>gebantur</strong></span> <span class='ocrx_word' id='word_1_168' title='bbox 307 2428 394 2484; x_wconf 85' lang='lat' dir='ltr'><strong>dare:</strong></span> <span class='ocrx_word' id='word_1_169' title='bbox 414 2428 463 2502; x_wconf 91' lang='lat' dir='ltr'><strong>qui</strong></span> <span class='ocrx_word' id='word_1_170' title='bbox 475 2427 635 2492; x_wconf 89' lang='lat' dir='ltr'><strong>minimum,</strong></span> <span class='ocrx_word' id='word_1_171' title='bbox 648 2427 776 2500; x_wconf 83' lang='lat' dir='ltr'><strong>singulos</strong></span> <span class='ocrx_word' id='word_1_172' title='bbox 791 2438 901 2484; x_wconf 86' lang='lat' dir='ltr'><strong>numos.</strong></span> <span class='ocrx_word' id='word_1_173' title='bbox 952 2429 1019 2486; x_wconf 87' lang='lat' dir='ltr'><strong>Hoc</strong></span> 
     </span>
     <span class='ocr_line' id='line_1_23' title="bbox 151 2523 1022 2599; baseline 0.002 -19"><span class='ocrx_word' id='word_1_174' title='bbox 151 2523 305 2581; x_wconf 88' lang='lat' dir='ltr'><strong>minimum</strong></span> <span class='ocrx_word' id='word_1_175' title='bbox 318 2529 350 2580; x_wconf 88' lang='lat' dir='ltr'><strong>ut</strong></span> <span class='ocrx_word' id='word_1_176' title='bbox 362 2541 523 2599; x_wconf 86' lang='lat' dir='ltr'><strong>sequamur,</strong></span> <span class='ocrx_word' id='word_1_177' title='bbox 536 2523 671 2598; x_wconf 88' lang='lat' dir='ltr'><strong>quoniam</strong></span> <span class='ocrx_word' id='word_1_178' title='bbox 686 2541 723 2580; x_wconf 82' lang='lat' dir='ltr'><strong>xc</strong></span> <span class='ocrx_word' id='word_1_179' title='bbox 737 2523 916 2583; x_wconf 82' lang='lat' dir='ltr'><strong>medimndm</strong></span> <span class='ocrx_word' id='word_1_180' title='bbox 929 2525 1022 2584; x_wconf 84' lang='lat' dir='ltr'><strong>millia</strong></span> 
     </span>
     <span class='ocr_line' id='line_1_24' title="bbox 151 2619 1021 2708; baseline 0.003 -30"><span class='ocrx_word' id='word_1_181' title='bbox 151 2621 296 2689; x_wconf 86' lang='lat' dir='ltr'><strong>duximus,</strong></span> <span class='ocrx_word' id='word_1_182' title='bbox 307 2619 329 2653; x_wconf 74' lang='lat'><strong>¹³</strong></span> <span class='ocrx_word' id='word_1_183' title='bbox 338 2624 518 2680; x_wconf 87' lang='lat' dir='ltr'><strong>accedebant</strong></span> <span class='ocrx_word' id='word_1_184' title='bbox 533 2641 577 2690; x_wconf 88' lang='lat' dir='ltr'><strong>eu,</strong></span> <span class='ocrx_word' id='word_1_185' title='bbox 591 2639 671 2678; x_wconf 88' lang='lat' dir='ltr'><strong>nove</strong></span> <span class='ocrx_word' id='word_1_186' title='bbox 683 2623 862 2708; x_wconf 76' lang='lat' dir='ltr'><strong>pessimoque</strong></span> <span class='ocrx_word' id='word_1_187' title='bbox 876 2627 1021 2696; x_wconf 84' lang='lat' dir='ltr'><strong>exemplo,</strong></span> 
     </span>
     <span class='ocr_line' id='line_1_25' title="bbox 155 2719 1021 2798; baseline 0 -20"><span class='ocrx_word' id='word_1_188' title='bbox 155 2719 273 2778; x_wconf 77' lang='lat' dir='ltr'><strong>11·ch</strong></span> <span class='ocrx_word' id='word_1_189' title='bbox 287 2719 387 2776; x_wconf 86' lang='lat' dir='ltr'><strong>millia.</strong></span> <span class='ocrx_word' id='word_1_190' title='bbox 429 2721 488 2777; x_wconf 86' lang='lat' dir='ltr'><strong>Hic</strong></span> <span class='ocrx_word' id='word_1_191' title='bbox 502 2721 574 2777; x_wconf 87' lang='lat' dir='ltr'><strong>mibi</strong></span> <span class='ocrx_word' id='word_1_192' title='bbox 592 2721 680 2778; x_wconf 89' lang='lat' dir='ltr'><strong>etiam</strong></span> <span class='ocrx_word' id='word_1_193' title='bbox 694 2721 792 2777; x_wconf 84' lang='lat' dir='ltr'><strong>dicere</strong></span> <span class='ocrx_word' id='word_1_194' title='bbox 805 2721 931 2788; x_wconf 83' lang='lat' dir='ltr'><strong>audebit,</strong></span> <span class='ocrx_word' id='word_1_195' title='bbox 945 2738 1021 2798; x_wconf 84' lang='lat' dir='ltr'><strong>mag·</strong></span> 
     </span>
     <span class='ocr_line' id='line_1_26' title="bbox 154 2817 1021 2893; baseline 0.001 -18"><span class='ocrx_word' id='word_1_196' title='bbox 154 2833 196 2876; x_wconf 89' lang='lat' dir='ltr'><strong>no</strong></span> <span class='ocrx_word' id='word_1_197' title='bbox 210 2835 241 2871; x_wconf 88' lang='lat' dir='ltr'><strong>se</strong></span> <span class='ocrx_word' id='word_1_198' title='bbox 252 2818 387 2872; x_wconf 87' lang='lat' dir='ltr'><strong>decumas</strong></span> <span class='ocrx_word' id='word_1_199' title='bbox 401 2817 577 2885; x_wconf 85' lang='lat' dir='ltr'><strong>vendidisse,</strong></span> <span class='ocrx_word' id='word_1_200' title='bbox 593 2836 660 2876; x_wconf 89' lang='lat' dir='ltr'><strong>cum</strong></span> <span class='ocrx_word' id='word_1_201' title='bbox 673 2837 710 2876; x_wconf 88' lang='lat' dir='ltr'><strong>ex</strong></span> <span class='ocrx_word' id='word_1_202' title='bbox 732 2819 835 2876; x_wconf 88' lang='lat' dir='ltr'><strong>eodem</strong></span> <span class='ocrx_word' id='word_1_203' title='bbox 849 2837 926 2893; x_wconf 85' lang='lat' dir='ltr'><strong>egro,</strong></span> <span class='ocrx_word' id='word_1_204' title='bbox 940 2819 1021 2878; x_wconf 87' lang='lat' dir='ltr'><strong>dimi·</strong></span> 
     </span>
     <span class='ocr_line' id='line_1_27' title="bbox 153 2913 1021 2991; baseline 0.005 -19"><span class='ocrx_word' id='word_1_205' title='bbox 153 2914 206 2972; x_wconf 88' lang='lat' dir='ltr'><strong>dio</strong></span> <span class='ocrx_word' id='word_1_206' title='bbox 219 2915 282 2988; x_wconf 89' lang='lat' dir='ltr'><strong>plus</strong></span> <span class='ocrx_word' id='word_1_207' title='bbox 296 2913 358 2986; x_wconf 89' lang='lat' dir='ltr'><strong>ipse</strong></span> <span class='ocrx_word' id='word_1_208' title='bbox 380 2915 537 2984; x_wconf 85' lang='lat' dir='ltr'><strong>abstulerit,</strong></span> <span class='ocrx_word' id='word_1_209' title='bbox 558 2933 643 2991; x_wconf 82' lang='lat' dir='ltr'><strong>quam</strong></span> <span class='ocrx_word' id='word_1_210' title='bbox 656 2921 762 2991; x_wconf 89' lang='lat' dir='ltr'><strong>populo</strong></span> <span class='ocrx_word' id='word_1_211' title='bbox 785 2917 918 2975; x_wconf 84' lang='lat' dir='ltr'><strong>Romano</strong></span> <span class='ocrx_word' id='word_1_212' title='bbox 938 2919 1021 2976; x_wconf 87' lang='lat' dir='ltr'><strong>mise·</strong></span> 
     </span>
     <span class='ocr_line' id='line_1_28' title="bbox 153 3011 1021 3091; baseline 0.003 -20"><span class='ocrx_word' id='word_1_213' title='bbox 153 3011 215 3072; x_wconf 87' lang='lat' dir='ltr'><strong>rit?</strong></span> <span class='ocrx_word' id='word_1_214' title='bbox 235 3013 469 3072; x_wconf 80' lang='lat' dir='ltr'><strong>cexv1m0d1&#39;um</strong></span> <span class='ocrx_word' id='word_1_215' title='bbox 489 3016 616 3074; x_wconf 83' lang='lat' dir='ltr'><strong>millibus</strong></span> <span class='ocrx_word' id='word_1_216' title='bbox 637 3018 775 3074; x_wconf 88' lang='lat' dir='ltr'><strong>decumas</strong></span> <span class='ocrx_word' id='word_1_217' title='bbox 797 3018 858 3091; x_wconf 81' lang='lat' dir='ltr'><strong>agri</strong></span> <span class='ocrx_word' id='word_1_218' title='bbox 880 3019 1021 3075; x_wconf 88' lang='lat' dir='ltr'><strong>Leontini</strong></span> 
     </span>
     <span class='ocr_line' id='line_1_29' title="bbox 150 3167 1020 3276; baseline 0.007 -64"><span class='ocrx_word' id='word_1_219' title='bbox 150 3167 482 3272; x_wconf 34' lang='lat' dir='ltr'><strong>&amp;affingamhquimani</strong></span> <span class='ocrx_word' id='word_1_220' title='bbox 513 3167 1020 3276; x_wconf 52' lang='lat' dir='ltr'><strong>Meletiqutequecqlrrjeetfflioqanni</strong></span> 
     </span>
     <span class='ocr_line' id='line_1_30' title="bbox 149 3231 1020 3346; baseline 0.001 -15"><span class='ocrx_word' id='word_1_221' title='bbox 149 3239 264 3331; x_wconf 59' lang='lat' dir='ltr'><strong>neuterius</strong></span> <span class='ocrx_word' id='word_1_222' title='bbox 280 3261 341 3330; x_wconf 80' lang='lat' dir='ltr'><strong>dare.</strong></span> <span class='ocrx_word' id='word_1_223' title='bbox 374 3231 847 3346; x_wconf 47' lang='grc' dir='ltr'><strong>Ιὴξυᾞὲϊωᾝῶᾙξῶε</strong></span> <span class='ocrx_word' id='word_1_224' title='bbox 861 3286 919 3332; x_wconf 88' lang='lat' dir='ltr'><strong>idem</strong></span> <span class='ocrx_word' id='word_1_225' title='bbox 928 3243 1020 3345; x_wconf 52' lang='lat' dir='ltr'><strong>:rigia</strong></span> 
     </span>
    </p>
   </div>
   <div class='ocr_carea' id='block_1_5' title="bbox 149 3341 1020 3448">
    <p class='ocr_par' dir='ltr' id='par_1_5' title="bbox 149 3341 1020 3448">
     <span class='ocr_line' id='line_1_31' title="bbox 149 3341 1020 3448; baseline 0.009 -61"><span class='ocrx_word' id='word_1_226' title='bbox 149 3357 249 3448; x_wconf 57' lang='lat' dir='ltr'><strong>gamem</strong></span> <span class='ocrx_word' id='word_1_227' title='bbox 264 3357 278 3388; x_wconf 92' lang='lat' dir='ltr'><strong>e</strong></span> <span class='ocrx_word' id='word_1_228' title='bbox 294 3344 419 3401; x_wconf 81' lang='lat' dir='ltr'><strong>conjectura</strong></span> <span class='ocrx_word' id='word_1_229' title='bbox 433 3341 580 3390; x_wconf 79' lang='lat' dir='ltr'><strong>Hotomnnni.</strong></span> <span class='ocrx_word' id='word_1_230' title='bbox 610 3343 672 3388; x_wconf 86' lang='lat' dir='ltr'><strong>Bene</strong></span> <span class='ocrx_word' id='word_1_231' title='bbox 689 3343 785 3390; x_wconf 80' lang='lat' dir='ltr'><strong>conexit</strong></span> <span class='ocrx_word' id='word_1_232' title='bbox 800 3343 918 3402; x_wconf 72' lang='lat' dir='ltr'><strong>Graeciam,</strong></span> <span class='ocrx_word' id='word_1_233' title='bbox 928 3347 1020 3394; x_wconf 82' lang='lat' dir='ltr'><strong>auetn&#39;re</strong></span> 
     </span>
     <span class='ocr_line' id='line_1_32' title="bbox 174 3415 273 3448; baseline 0.02 -2"><span class='ocrx_word' id='word_1_234' title='bbox 174 3415 273 3448; x_wconf 81' lang='lat' dir='ltr'><strong>muovlo.</strong></span> 
     </span>
    </p>
   </div>
   <div class='ocr_carea' id='block_1_6' title="bbox 147 3479 1019 3660">
    <p class='ocr_par' dir='ltr' id='par_1_6' title="bbox 147 3479 1019 3660">
     <span class='ocr_line' id='line_1_33' title="bbox 180 3479 1019 3542; baseline 0.008 -19"><span class='ocrx_word' id='word_1_235' title='bbox 180 3479 203 3512; x_wconf 81' lang='lat'><strong>¹³</strong></span> <span class='ocrx_word' id='word_1_236' title='bbox 216 3479 396 3540; x_wconf 66' lang='lat' dir='ltr'><strong>accederem]</strong></span> <span class='ocrx_word' id='word_1_237' title='bbox 427 3481 464 3526; x_wconf 80' lang='lat' dir='ltr'><strong>Sic</strong></span> <span class='ocrx_word' id='word_1_238' title='bbox 474 3481 598 3528; x_wconf 83' lang='lat' dir='ltr'><strong>necessario</strong></span> <span class='ocrx_word' id='word_1_239' title='bbox 606 3479 715 3527; x_wconf 83' lang='lat' dir='ltr'><strong>edidimus</strong></span> <span class='ocrx_word' id='word_1_240' title='bbox 722 3495 762 3542; x_wconf 83' lang='lat' dir='ltr'><strong>pm</strong></span> <span class='ocrx_word' id='word_1_241' title='bbox 771 3483 880 3529; x_wconf 64' lang='lat' dir='ltr'><strong>credant.</strong></span> <span class='ocrx_word' id='word_1_242' title='bbox 910 3485 975 3531; x_wconf 86' lang='lat' dir='ltr'><strong>Nihil</strong></span> <span class='ocrx_word' id='word_1_243' title='bbox 983 3484 1019 3530; x_wconf 84' lang='lat' dir='ltr'><strong>bis</strong></span> 
     </span>
     <span class='ocr_line' id='line_1_34' title="bbox 149 3537 1019 3644; baseline 0.006 -60"><span class='ocrx_word' id='word_1_244' title='bbox 149 3551 224 3598; x_wconf 90' lang='lat' dir='ltr'><strong>neque</strong></span> <span class='ocrx_word' id='word_1_245' title='bbox 231 3537 348 3608; x_wconf 81' lang='lat' dir='ltr'><strong>Gruterus,¹</strong></span> <span class='ocrx_word' id='word_1_246' title='bbox 356 3553 427 3598; x_wconf 85' lang='lat' dir='ltr'><strong>neque</strong></span> <span class='ocrx_word' id='word_1_247' title='bbox 436 3539 551 3610; x_wconf 67' lang='lat' dir='ltr'><strong>Graevius.</strong></span> <span class='ocrx_word' id='word_1_248' title='bbox 581 3543 612 3588; x_wconf 76' lang='lat' dir='ltr'><strong>At</strong></span> <span class='ocrx_word' id='word_1_249' title='bbox 621 3540 644 3585; x_wconf 89' lang='lat' dir='ltr'><strong>in</strong></span> <span class='ocrx_word' id='word_1_250' title='bbox 653 3539 703 3586; x_wconf 88' lang='lat' dir='ltr'><strong>edd.</strong></span> <span class='ocrx_word' id='word_1_251' title='bbox 712 3555 803 3644; x_wconf 59' lang='lat' dir='ltr'><strong>frum</strong></span> <span class='ocrx_word' id='word_1_252' title='bbox 812 3547 862 3587; x_wconf 85' lang='lat' dir='ltr'><strong>sunt</strong></span> <span class='ocrx_word' id='word_1_253' title='bbox 872 3541 1019 3590; x_wconf 76' lang='lat' dir='ltr'><strong>rerba&#39;me&#39;ns&#39;·</strong></span> 
     </span>
     <span class='ocr_line' id='line_1_35' title="bbox 147 3599 854 3660; baseline 0.006 -18"><span class='ocrx_word' id='word_1_254' title='bbox 147 3601 430 3658; x_wconf 54' lang='lat' dir='ltr'><strong>manant-wesema.</strong></span> <span class='ocrx_word' id='word_1_255' title='bbox 461 3599 854 3660; x_wconf 73' lang='lat' dir='ltr'><strong>rennueunameqemaun</strong></span> 
     </span>
    </p>
   </div>
   <div class='ocr_carea' id='block_1_7' title="bbox 184 3676 647 3736">
    <p class='ocr_par' dir='ltr' id='par_1_7' title="bbox 184 3676 647 3736">
     <span class='ocr_line' id='line_1_36' title="bbox 184 3676 647 3736; baseline 0 0"><span class='ocrx_word' id='word_1_256' title='bbox 184 3695 256 3736; x_wconf 82' lang='lat' dir='ltr'><strong>von.</strong></span> <span class='ocrx_word' id='word_1_257' title='bbox 270 3696 299 3735; x_wconf 87' lang='lat' dir='ltr'><strong>v.</strong></span> <span class='ocrx_word' id='word_1_258' title='bbox 600 3676 647 3736; x_wconf 80' lang='lat' dir='ltr'><strong>d*</strong></span> 
     </span>
    </p>
   </div>
   <div class='ocr_carea' id='block_1_8' title="bbox 0 0 1230 4206">
    <p class='ocr_par' dir='ltr' id='par_1_8' title="bbox 0 0 1230 4206">
     <span class='ocr_line' id='line_1_37' title="bbox 0 0 1230 4206; baseline 0 0"><span class='ocrx_word' id='word_1_259' title='bbox 0 0 1230 4206; x_wconf 95' lang='lat' dir='ltr'><strong> </strong></span> 
     </span>
    </p>
   </div>
  </div>
 </body>
</html>
