2460 4200
390 355 462 406 acr.
479 351 782 406 rnmannrmmua.
980 357 1022 418 a·

161 501 357 574 locupletium,
370 521 599 579 nummorumque
619 509 770 561 arctorum.
791 501 852 576 ejm
865 499 928 576 agri
939 501 1026 558 decu·

164 615 226 655 mas
252 619 317 658 cum
343 603 460 660 emisset
486 603 564 660 idem
588 603 743 676 Apronius,
769 601 911 675 Agyrium
932 598 1025 658 venit.

168 696 225 766 Qui
244 693 320 756 oum¹
332 719 368 757 eo
381 719 447 758 cum
461 700 678 774 apparitoribus,
690 699 721 756 id
744 703 798 765 ent,
810 715 877 756 cum
890 697 976 755 minin
990 711 1027 752 ac

166 793 197 850 vi
211 795 350 866 venisset,
364 817 483 872 poscere
497 798 651 872 pecuniam
664 799 802 871 grandem
814 795 920 868 coepit,
930 799 970 862 nt,
980 811 1028 852 ae·

136 907 141 916 ¹
163 898 251 966 cepto
272 897 362 963 lucro,
385 897 558 953 discederet.
586 898 664 953 nolle
684 913 717 951 ee
739 893 849 968 negotii
874 894 1029 967 quidquam

163 989 271 1048 babere
294 993 421 1061 dicebat,
443 997 496 1050 sed
520 999 641 1067 accepta
662 993 894 1067 pecunia,quam
907 992 1029 1063 primum

163 1088 253 1144 aliam
277 1089 429 1148 civitatem
452 1107 611 1148 occurrere.
652 1092 726 1148 Sunt
746 1107 847 1148 omnen
862 1089 955 1146 Sicuti
969 1103 1029 1144 non

166 1187 384 1250 contemnendi,
397 1187 423 1244 ni
445 1206 497 1260 per
520 1195 631 1245 nostroe
654 1189 835 1262 magistratus
849 1187 955 1244 liceat:
975 1185 1029 1242 ned

152 1281 301 1340 -bomines
312 1289 342 1341 et
354 1285 425 1342 satin
437 1285 534 1352 fortes,
548 1289 578 1341 et
588 1283 611 1316 Β
620 1285 690 1341 natio
699 1289 784 1357 piane
797 1281 871 1357 trogi
880 1301 915 1340 ao
923 1283 1028 1352 nobrii3

165 1385 196 1436 et
220 1380 252 1437 in
274 1382 374 1454 primis
396 1385 471 1440 haec
494 1383 611 1451 civitas,
634 1383 672 1438 de
695 1399 752 1454 qua
776 1383 883 1454 loquor,
904 1381 1029 1451 judices.

164 1477 266 1551 itaque
293 1481 403 1538 homini
430 1481 462 1538 in
489 1480 588 1553 primis
614 1479 825 1552 improbissimo
856 1479 1032 1550 respondent

165 1576 375 1649 Agyrinenses,
398 1597 462 1636 nese
483 1579 620 1636 decumas
641 1578 679 1644 ei,
693 1578 931 1652 quemadmodum
944 1577 1030 1631 debe·
1080 1604 1083 1614 ·

164 1679 238 1741 rent,
262 1677 392 1733 daturos:
422 1679 541 1744 tuorum,
568 1694 635 1734 cum
658 1676 709 1732 ilie
731 1693 836 1748 magno
861 1673 1029 1747 praesertim

166 1769 292 1839 emisset,
316 1791 375 1830 non
398 1775 553 1832 addituros.
596 1774 742 1846 Apronius
760 1773 781 1806 ⁵*
794 1774 945 1830 certiorem
958 1773 1081 1848 iacitqss

165 1869 261 1936 istum,
271 1873 338 1945 cuja
351 1889 396 1928 ree
409 1877 480 1938 emt,
493 1872 560 1945 quid
573 1871 616 1928 rei
630 1875 715 1927 esset.
756 1870 871 1935 Statim,
885 1879 1031 1944 tamquam

162 1967 324 2041 coniuratio
347 1971 444 2044 atique
461 1969 567 2044 Agyrii
588 1975 691 2026 contro
717 1968 922 2042 rempublicam
943 1967 1029 2037 iacta,

162 2071 213 2122 aut
223 2069 334 2141 togatus
349 2069 486 2142 praetoria
501 2071 628 2142 pulsatus
641 2073 727 2133 esset,
741 2067 782 2124 itc
799 2068 913 2142 Agyrio
925 2068 1029 2138 mapin-

164 2169 262 2233 tratus,
273 2173 304 2223 et
317 2167 548 2241 quinqueprimi,
559 2167 656 2224 accitu
669 2166 752 2222 iatius
766 2165 933 2216 evocantur.
968 2161 1029 2217 Ve-

162 2262 247 2317 niunt
261 2265 439 2331 symm.
459 2271 576 2328 peceato
598 2271 644 2312 oet
667 2260 829 2327 Amnius:
854 2257 905 2325 ait,
918 2275 968 2315 eos
987 2259 1029 2332 ip·

162 2373 219 2423 noa,
240 2355 289 2428 qui
310 2355 469 2419 venissent,
490 2359 592 2411 contra
616 2353 743 2410 edictum
764 2355 902 2426 praetorio
915 2356 1027 2414 iecisse.

164 2455 358 2527 Quaerebant,
378 2450 469 2527 quid?
488 2439 688 2524 respondebat,
704 2471 736 2509 ee
758 2455 794 2510 ad
815 2461 1029 2527 recuperatorea

162 2571 227 2610 esse
250 2551 403 2608 dicturum.
445 2552 514 2615 late,
529 2551 716 2624 aequissimus
739 2553 834 2618 bomo,
847 2553 1029 2612 formidinem

162 2652 243 2710 ittam
256 2667 336 2706 sunm
347 2649 459 2706 miseris
476 2649 707 2722 Agyrinensibus
720 2647 890 2720 injiciebat:
912 2667 1030 2722 recupe-

162 2755 271 2807 ratores
284 2766 316 2804 se
329 2750 367 2803 de
377 2748 496 2802 cohorte
508 2763 559 2802 sua
569 2747 700 2800 daturum
712 2744 881 2802 minabatur.
923 2747 1029 2820 Agyri·

164 2863 281 2912 nenses,
295 2843 352 2900 viri
365 2843 521 2906 tortissimi,
529 2842 673 2914 Judicium
686 2859 718 2898 ee
732 2859 862 2915 passuros
875 2861 939 2901 esse
951 2846 1030 2904 dioe-

165 2946 246 3002 bant.
288 2943 442 3015 ingerebat
451 2940 509 2998 iste
532 2942 746 2998 Artemidorum
759 2943 926 3002 Cornelium
939 2945 1030 3004 medi·

163 3059 241 3110 cum,
254 3040 406 3097 Veterium
420 3057 603 3113 praeconem,
617 3041 821 3113 'Ptepotemurn
836 3042 985 3115 pictorem,
998 3048 1030 3101 et

161 3141 303 3216 ejusmodi
314 3144 542 3212 recuperatorem
562 3155 680 3213 quorum
693 3139 770 3198 ciris
781 3141 929 3198 Romanus
942 3157 1030 3199 nemo

94 3277 97 3284 ·
163 3245 241 3299 erat:
262 3240 314 3295 aed
328 3238 435 3295 Graeci
448 3238 592 3310 sacrilegi,
599 3237 774 3309 jampridem
787 3237 919 3310 imrobi,
930 3255 1029 3311 repen·

190 3394 214 3427 e
227 3393 280 3439 nn
295 3389 453 3452 pausam]
485 3389 617 3436 aaaron
629 3390 696 3447 pun
711 3389 812 3436 auarum
826 3391 932 3452 nequod
942 3391 1029 3446 anon
1100 3365 1105 3372 ’

163 3452 247 3500 tionem
257 3454 282 3495 et
290 3448 448 3511 perfectionem
458 3448 549 3504 indicat,
559 3461 616 3510 quae
625 3462 668 3494 uon
676 3448 784 3495 consentit
792 3449 862 3496 verbo
871 3451 930 3496 antis.

190 3527 622 3592 “sncitcertiorem·-quidnicaoet.]
648 3525 1031 3593 Quidretnetminivtdennqp

162 3587 297 3654 dmum.
328 3586 531 3643 Certioranfncere
540 3585 671 3648 aimplieiter
680 3585 761 3634 dicitur
768 3585 792 3634 iu
801 3586 844 3634 tati
852 3586 959 3634 oudone
