2428 4212
377 289 449 342 M.
466 291 495 340 11.
512 287 611 338 munh
624 287 786 341 dunatus.
943 293 1006 352 209

140 448 240 498 torum
260 436 402 496 ”unuln
415 437 619 512 exquirebam:
640 435 760 512 injurias
785 435 1005 510 cognoscebam.

139 534 216 595 Cum
229 537 335 596 diutins
345 537 378 594 in
391 535 508 612 negotio
521 551 646 612 curaque
656 535 784 594 lucram:
807 539 839 592 ut
848 534 1007 610 requiesce·

141 652 212 706 rem,
225 651 378 710 curamque
391 634 483 693 animi
496 634 684 702 remitterem,
698 634 735 692 ad
750 631 913 708 Carpinatii
929 649 1008 707 prae·
1117 639 1120 648 ’

139 735 232 792 claras
246 736 355 792 tabulas
370 734 553 792 revertebar:
569 727 620 790 uhi
633 749 700 790 cum
715 732 860 807 equilibus
870 731 1008 790 Romanis

138 847 176 888 ex
199 831 251 888 illo
271 836 422 890 conventu
445 829 667 898 honestissimis,
692 829 760 888 illos
786 828 949 898 Venutius,
973 831 1009 888 de

136 928 238 1004 quihus
252 933 320 986 ante
333 928 408 995 dixi,
429 915 630 1002 exolicaham:
651 945 668 985 a
687 929 881 1004 Syracusanis
898 944 1011 1002 promus

143 1026 219 1089 nihil
240 1025 404 1099 adjumenti
424 1043 517 1098 neque
540 1025 655 1099 publice
677 1045 770 1102 neque
797 1026 935 1100 privatim
962 1043 1011 1084 ex·

142 1113 332 1198 spectabam:
360 1140 455 1196 neque
481 1128 543 1182 erat
565 1123 597 1181 in
620 1123 717 1182 animo
740 1128 894 1197 postulare.
936 1124 1011 1183 (lum

143 1221 219 1280 haec
233 1239 358 1298 agerem,
372 1225 491 1294 repente
505 1222 541 1278 ad
555 1237 602 1278 me
623 1221 707 1278 venit
729 1223 882 1280 Heraclius
905 1223 940 1291 is,
956 1219 1013 1298 ‘qui

143 1324 205 1378 tum
218 1318 417 1394 magistratum
430 1318 582 1392 Syracusis
597 1319 732 1386 hahebat,
745 1320 832 1376 homo
840 1318 955 1386 nobilis,
965 1320 1015 1394 qui

140 1417 276 1476 sacerdos
290 1417 376 1474 Jovis
390 1416 500 1484 suisset,
520 1416 568 1492 qui
593 1417 686 1474 honos
712 1417 790 1490 apud
816 1418 1014 1490 Syracusanos

141 1519 186 1573 est
198 1515 399 1588 amplissimus.
428 1514 489 1588 agit
511 1531 635 1581 mecum,
654 1511 718 1572 ⁶⁷et
740 1531 807 1572 cum
831 1516 916 1574 tratre
939 1531 1013 1586 meo,

141 1617 183 1682 ut,
196 1613 222 1670 si
235 1612 318 1670 nohis
342 1613 498 1680 videretur,
524 1613 668 1670 adiremus
682 1613 720 1670 ad
741 1630 840 1672 eorum
860 1620 1012 1672 senatum:

51 1683 67 1710 ⁸
141 1708 335 1786 “trequentes
349 1727 412 1766 essa
436 1709 583 1766 incuria:
604 1727 637 1766 se
654 1710 735 1782 jussu
756 1716 907 1769 senatusa
930 1712 1014 1772 uobis

143 1812 252 1884 peiere,
276 1812 308 1865 ut
340 1806 514 1864 veniremus.
566 1806 666 1864 Primo
697 1809 780 1866 nobis
803 1808 859 1866 luit
886 1808 1015 1878 dubium,

142 1905 212 1982 quid
225 1921 391 1982 ageremus:
421 1903 528 1962 deinde
550 1905 613 1962 cilo
633 1905 768 1964 venitin
792 1911 931 1976 mentem,
955 1924 1014 1965 non

143 2023 209 2063 esse
239 2004 388 2062 vitandum
419 2002 503 2061 nohis
535 2003 617 2062 illum
645 2010 824 2063 conventum
853 2009 1013 2066 stlocum.

145 2103 290 2179 ltaquein
304 2102 413 2162 curiam
433 2102 576 2160 venimus.
619 2102 789 2162 Honorifice
809 2122 880 2163 sane
899 2093 1067 2164 consur-62

144 2203 240 2278 giturz
259 2219 313 2260 nos
326 2204 427 2276 rogatu
440 2200 623 2274 magistratus
647 2201 814 2258 assedimus.
856 2204 967 2277 Incipit
988 2204 1014 2262 is

145 2299 235 2376 loqui,
248 2298 297 2374 qui
310 2303 341 2355 et
354 2297 534 2368 auctoritate,
548 2302 696 2366 eluctato,
711 2304 762 2380 ot,¹
770 2304 803 2356 ut
827 2298 898 2356 mihi
918 2300 1015 2358 visum

145 2403 202 2466 est,
215 2415 268 2454 usu
286 2413 380 2456 rerum
400 2397 601 2464 antecedebat,
623 2397 768 2456 Diodoms
791 2396 1014 2456 Timarchides:

146 2497 229 2570 cidus
251 2495 343 2554 omnis
361 2495 453 2556 oratio
476 2496 553 2553 hanc
577 2495 678 2555 habuit
699 2496 790 2570 primo
820 2497 1013 2556 sententiam:

147 2597 289 2656 Senatum
302 2596 492 2670 populumque
508 2596 723 2667 Syracusanum
743 2596 865 2654 molesto
875 2595 1015 2669 graviter·

148 2711 205 2770 que
219 2693 301 2762 terre,
314 2693 390 2768 quod
404 2709 468 2766 ego,
482 2691 594 2748 cumin
616 2691 721 2748 ceteris
744 2690 865 2748 Siciliae
889 2691 1017 2750 civitati·

148 2793 212 2860 hus,
220 2795 352 2849 senatum
362 2792 555 2864 populumque
563 2789 735 2856 docuissem,
747 2789 815 2865 quid
826 2789 868 2846 eis
877 2787 1020 2860 utilitatis,

150 2943 1021 3065 omnious

150 3059 490 3122 asqucaav1c0aum,habent
500 3062 625 3108 tentalum.
658 3059 682 3108 Ρ.
693 3061 811 3108 Manutius
826 3075 909 3122 prsmus
925 3077 947 3108 a.
957 3065 1019 3110 luto.

150 3118 224 3190 edidit
248 3119 396 3190 aquintum,
413 3133 440 3165 ex
455 3118 520 3176 libro,
535 3133 564 3166 an
581 3120 742 3178 eoouJectura
763 3119 843 3166 nescio.
863 3120 1020 3166 Esrsidehma

153 3193 223 3240 possus
232 3178 338 3236 colligere
352 3178 478 3224 emundor.

183 3257 207 3290 ⁰⁷
222 3260 243 3302 st
252 3269 304 3302 cam
312 3255 425 3312 Qtsrulrc
434 3255 476 3316 m.]
507 3254 588 3302 Deleri
598 3255 626 3307 Q.
638 3253 698 3316 quod
706 3254 803 3300 ahestah
810 3255 860 3300 edd.
869 3267 902 3315 pr.
913 3257 937 3299 et
946 3253 1024 3302 ceteris

158 3313 321 3362 vetustioribus
338 3327 379 3360 nac
393 3314 466 3360 locum
477 3313 552 3368 hahet,
568 3313 703 3374 deberetque
719 3314 800 3358 mutari
820 3315 843 3358 ln
853 3311 881 3358 L.
893 3327 907 3359 e
920 3327 968 3374 cap.
987 3317 1022 3363 et.

154 3371 259 3428 Addidit,
268 3372 302 3418 sui
311 3373 339 3424 Q.
350 3373 421 3420 hasa
434 3372 475 3419 ille
482 3377 547 3418 notus
554 3377 611 3418 erat.

185 3449 346 3509 “summutas
358 3465 401 3497 csse
409 3451 437 3497 in
445 3450 528 3511 curia]
560 3449 623 3497 Nihil
633 3448 759 3510 proclivius,
776 3463 841 3511 quarn
857 3449 966 3512 corrigere
975 3451 1028 3510 sra-
1111 3491 1114 3498 .

158 3512 275 3569 mamista:
290 3523 330 3555 ner
340 3523 460 3572 repuanem
471 3509 503 3555 ita
511 3507 637 3566 corrigenti.
669 3509 713 3556 Sed
723 3513 797 3554 tamen
807 3515 830 3555 et
837 3509 967 3572 frequentes
976 3509 1029 3558 terri

157 3571 234 3628 potest
244 3570 411 3629 pulmarum,
421 3569 481 3616 unde
489 3571 603 3616 senatores
613 3566 707 3628 intelllgi
717 3573 815 3630 possunt.

190 3665 263 3706 von.
284 3665 315 3706 v.
569 3650 604 3704 la
624 3645 641 3684 i
