2486 4212
387 331 460 392 sur.
477 339 506 390 u.
523 337 620 390 ursel:
633 337 795 394 summa
969 347 1030 408 145

154 481 220 564 jus
257 485 333 549 (inm
342 489 530 566 quaesissem,
544 489 684 564 numquid
701 489 779 547 aliud
800 487 943 547 debonis
966 489 1030 563 elus

162 587 344 662 pervenisset
356 589 394 646 ed
408 588 541 655 Verrem,
554 587 703 661 respondit
712 586 799 645 istum
809 587 847 644 sd
860 605 891 645 se
905 587 1028 655 misisse,

162 689 195 748 ut
207 685 264 743 sibi
276 687 405 745 mitteret
419 686 613 761 Agrigentum
625 685 856 759 peripetasmata.
886 685 1028 759 Quaesivi

163 798 201 841 an
212 783 344 842 misisset.
364 784 513 858 respondit
534 783 574 851 id,
587 785 662 858 quod
681 799 803 841 necesse
823 788 895 850 erat,
914 781 1029 842 scilicet

160 880 242 940 dieto
260 883 428 940 audientem
448 882 537 940 luisse
563 882 709 954 praetori:
737 881 861 938 misisse.
903 881 1028 954 Rogavi,

159 980 402 1053 pervenissentne
417 979 627 1052 Agrigentum:
647 977 722 1036 dixit
733 979 912 1052 pervenisse.
934 979 1028 1053 Quae·

159 1077 229 1142 sivi,
248 1075 317 1134 ”an
337 1077 453 1132 domum
473 1077 668 1134 revertissent.
689 1076 809 1150 negavit
821 1077 917 1134 adhuc
931 1093 1033 1135 reven-¹

163 1173 243 1230 tisse.
285 1173 371 1230 Risus
381 1171 479 1246 populi
489 1177 574 1246 atque
583 1175 939 1233 admurmuraticcmninm
948 1175 1027 1232 lacta

164 1275 218 1329 est.
260 1270 319 1328 Hic
333 1268 387 1327 tibi
401 1270 432 1327 in
454 1275 583 1328 mentem
603 1287 662 1327 non
675 1271 767 1338 venit,
780 1272 892 1343 jubere,
906 1278 937 1329 ut
950 1273 1026 1331 haec

163 1385 274 1443 qnoque
288 1367 413 1435 referret,
428 1367 493 1425 ll·S
507 1384 539 1424 vr
551 1368 678 1426 millibus
691 1383 722 1424 rc
731 1368 826 1426 sstibi
836 1367 1026 1428 vendidisse?

161 1466 299 1533 metuisti,
313 1483 352 1524 ne
361 1483 411 1524 aes
424 1465 554 1523 alienum
568 1464 621 1523 tibi
631 1472 786 1533 cresceret,
799 1465 824 1522 si
839 1465 903 1524 H·S
917 1484 950 1522 rs
963 1465 1026 1524 mil·

159 1566 235 1624 libus
250 1582 280 1624 re
293 1565 348 1623 tibi
361 1569 584 1631 construentes,
597 1581 671 1639 quse
690 1570 721 1622 tu
734 1560 822 1623 facile
841 1581 940 1638 posses
954 1581 1025 1624 ven·

160 1664 229 1720 dere
244 1664 308 1722 ils
319 1679 356 1722 cc
366 1660 516 1720 millibus?
537 1663 607 1720 uuit
617 1663 701 1730 tanti,
710 1663 782 1720 mihi
791 1664 887 1720 crede.
903 1663 1024 1722 haberes

6 1821 7 1830 ,
113 1767 117 1772 “
161 1762 238 1836 quod
259 1760 449 1818 defenderes:
481 1777 568 1817 neme
590 1765 750 1834 quaereret,
777 1761 878 1834 quanti
900 1760 953 1817 ills
977 1775 1024 1818 res

158 1863 247 1916 esset.
268 1858 294 1915 si
318 1858 404 1914 modo
420 1861 451 1913 te
473 1871 573 1929 posses
594 1857 699 1914 docere
720 1857 841 1914 emisse:
868 1857 955 1914 lacile
975 1857 1023 1915 cui

157 1958 263 2024 velles,
285 1961 364 2014 luam
385 1971 501 2013 causam
525 1959 556 2010 et
578 1954 686 2012 sactum
709 1955 854 2028 probares.
888 1971 966 2012 nunc
985 1955 1024 2012 de

157 2052 388 2128 peripetasmatis
411 2053 651 2127 quemadmodum
671 2057 702 2110 te
728 2051 877 2126 expedias,
894 2067 954 2108 ncn
973 2053 1022 2110 ha·

158 2153 219 2209 bes.
262 2147 364 2225 Quid?
382 2149 577 2208 s·Philsrcho
598 2149 799 2224 centuripino,
812 2149 930 2208 humine
943 2151 1021 2208 locu·

157 2251 246 2323 plete,
267 2265 303 2305 ac
330 2246 432 2315 nobili,
453 2249 586 2321 phaleras
612 2247 804 2319 pulcherrime
822 2247 923 2314 laetas,
946 2261 1020 2321 quae

157 2346 235 2420 regis
249 2345 386 2402 Hieronis
402 2344 488 2402 luisse
510 2345 654 2412 dicuntur,
671 2349 767 2402 utrum
785 2345 903 2401 tandem
926 2345 1021 2402 abstu-

156 2443 229 2512 listi,
243 2460 281 2501 an
300 2439 417 2501 emisti?
437 2442 473 2500 ln
486 2443 592 2502 Sicilia
613 2443 729 2519 quidem
748 2458 816 2501 cum
828 2459 934 2510 essem,
945 2441 1022 2501 sica

114 2557 118 2560 ·
151 2541 419 2615 ⁴llenturipiniasic
432 2541 564 2600 sceleris
575 2543 736 2609 audiebam,
744 2538 817 2618 (nen
827 2541 906 2599 enim
919 2549 1021 2614 pesum

155 2658 202 2700 res
215 2646 278 2699 erat
289 2638 381 2718 clara)
394 2645 454 2698 mm
467 2645 498 2697 te
507 2641 560 2696 lsss
573 2641 705 2712 phaleras
715 2656 734 2696 s
744 2639 901 2696 Philsrclrc
911 2637 1018 2696 Cantu-
1067 2639 1071 2648 “

155 2738 252 2812 ripinc
274 2735 427 2795 abstulisse
451 2736 599 2803 dicebant,
618 2751 703 2810 quam
722 2734 795 2792 alies
814 2735 887 2792 item
906 2733 1018 2792 nobiles

154 2835 194 2894 ab
209 2833 308 2892 Ariste
318 2833 532 2900 Pnncunitano,
541 2849 626 2907 quem
639 2833 738 2892 tertias
751 2850 770 2890 s
783 2831 921 2906 Cratippo
935 2831 1019 2906 'l'yn-

151 2931 297 3002 dariteno.
337 2929 456 2990 Etenim
474 2931 500 2988 si
520 2932 689 2990 Philarclnns
702 2932 890 3000 vendidisset,
904 2948 962 2989 non
977 2929 1017 3000 ci,

152 3034 340 3106 posteaquam
353 3045 418 3086 reus
430 3029 522 3088 lactus
535 3048 576 3099 es,
588 3030 762 3090 redditurum
781 3036 811 3091 te
826 3028 1014 3107 promisisses.

151 3182 512 3312 Admitti
529 3183 1015 3314 dtlldifditlillmffi

151 3295 178 3348 δι
191 3297 406 3370 devenesrplletu
423 3314 496 3348 senno
511 3305 576 3357 esset,
618 3301 712 3360 mtellrgr
721 3304 808 3362 ponet:
824 3315 838 3346 ι
849 3313 870 3346 a
880 3315 910 3348 sn
920 3307 1016 3372 integre,

150 3371 196 3406 nen
205 3358 311 3406 detractu
357 3357 363 3370 '
374 3359 415 3405 lu:
432 3359 455 3406 in
470 3358 575 3406 Attalicis
588 3359 621 3406 nil
637 3360 808 3422 qnaeripotest,
819 3371 884 3418 quam
893 3359 923 3406 de
931 3361 1014 3409 reditu

148 3415 211 3464 Mos
225 3415 306 3463 retinui
377 3418 512 3472 meede,
524 3432 574 3464 cum
588 3417 696 3464 dmum
705 3416 944 3482 receperitudsss'rulie,
954 3419 1016 3482 quoa

149 3473 418 3543 padtersstineddpr.
448 3474 1016 3535 Adnnmhmmvmitffisedsdmm·
1112 3524 1115 3530 .

148 3532 499 3610 muniminum-coniungi
514 3533 545 3581 sb
559 3532 689 3582 namnum
700 3534 728 3581 ci.
739 3534 769 3592 V,
780 3538 814 3583 ld.
844 3535 1017 3588 vternorsn

147 3611 829 3678 utempsndiammiaqscdssticldtliuampr.

186 3705 258 3750 ren.
278 3709 308 3750 r.
587 3695 625 3751 ra
