2438 4206
224 339 267 399 40
555 335 591 382 ut
604 333 746 385 VERREM

225 477 284 536 tiae
304 481 369 553 plus
388 481 485 551 etiam,
499 501 583 559 quam
605 485 725 558 Pippae,
737 485 801 556 plus
814 498 900 556 quam
919 484 1087 546 ceterarum,

225 591 260 632 ac
274 593 361 650 prope
372 580 477 649 dicam,
490 587 600 640 tautum
612 584 689 658 apud
700 582 786 639 istum
799 582 830 638 iu
846 579 995 638 Siciliensi
1008 594 1088 650 prae·

226 677 288 731 lura
303 680 458 737 auctoritas
472 680 572 748 valuit,
586 687 722 757 quantum
735 681 767 738 in
780 681 889 738 urbana
902 675 1084 735 Chelidonis.

225 772 359 832 Veniunt
373 777 523 835 Herbitam
536 781 593 835 duo
606 778 744 851 praetoris
758 777 873 842 aemuli,
886 793 945 832 non
962 773 1089 840 molesti,

225 872 455 932 muliercularum
474 877 681 933 teterrimarum
698 873 900 949 improbissimi
914 871 1088 971 cognitores,

225 969 370 1042 incipiunt
389 975 540 1043 postulare,
554 987 684 1046 poscere,
695 973 808 1030 minari.
827 989 885 1028 uon
900 975 1032 1042 poterant
1045 975 1087 1025 ta·

225 1083 302 1134 men,
310 1085 377 1126 cum
386 1063 533 1142 cuperent,
546 1072 707 1144 Apronium
718 1071 834 1128 imitari.
867 1068 961 1126 Siculi
971 1067 1086 1125 Siculos

225 1183 284 1222 noo
297 1171 356 1223 tam
373 1168 623 1240 pertimescebant.
664 1171 738 1226 (lum
758 1169 837 1226 omni
857 1167 968 1223 ratione
989 1172 1088 1223 tamen

225 1261 270 1320 iili
283 1259 540 1337 calumniarentur3
561 1268 731 1341 promittuut
750 1267 938 1324 Herbitenses
959 1265 1087 1321 vadimo-

225 1361 305 1419 nium
322 1365 488 1436 Syracusas.
529 1367 574 1424 Eo
588 1371 772 1439 posteaquam
785 1369 905 1422 ventum
919 1368 972 1430 est,
982 1380 1088 1436 coguu-

227 1466 272 1518 tur
286 1464 469 1530 Aeschrioni,
483 1465 513 1520 id
527 1470 580 1530 est,
601 1465 719 1536 Pippae‚
734 1464 802 1518 dare
817 1467 937 1529 tautum,
951 1468 1088 1536 quantum

226 1564 289 1615 erat
309 1561 346 1616 de
366 1562 463 1632 capite
476 1563 632 1632 demptum,
646 1560 736 1618 tritici
757 1559 962 1618 ⁶7medimndm
977 1578 1024 1616 erc
1039 1577 1088 1616 cm

226 1673 335 1714 crans.
377 1659 566 1716 Mulierculae
587 1661 759 1732 publicanae
781 1661 873 1716 uoluit
897 1675 935 1716 ex
958 1657 1087 1715 decumis

224 1754 346 1812 nimium
362 1758 433 1815 lucri
446 1758 524 1825 dure,
538 1777 575 1816 ne
594 1759 667 1814 torte
681 1759 717 1815 ab
736 1763 876 1816 nocturno
897 1775 949 1814 suo
967 1761 1089 1831 quaestu

160 1878 163 1884 ¹
225 1854 352 1914 animum
366 1858 402 1913 ad
417 1857 572 1931 vectigalia
585 1856 752 1914 redimenda
765 1856 937 1914 transferret.
980 1856 1089 1912 Trans·

224 1957 473 2026 actumputabant
487 1954 692 2024 Herbitenses3
711 1972 778 2011 cum
798 1955 861 2022 iste,
881 1953 948 2029 quid
968 1955 1005 2010 de
1025 1955 1088 2010 bor-

148 2035 154 2042 ’
225 2053 289 2117 deo,
300 2051 401 2125 iuquit,
415 2058 444 2108 et
457 2053 591 2119 Docimo,
601 2052 726 2110 amiculo
740 2051 827 2110 meo?
847 2053 915 2128 quid
929 2049 1087 2126 cogitatis?

226 2149 270 2205 At
289 2150 345 2205 boc
365 2151 469 2222 agebat
487 2150 518 2206 in
539 2150 682 2219 cubiculo,
696 2151 820 2224 judices,
834 2157 919 2226 atque
933 2153 964 2209 iu
978 2151 1088 2209 lectulo

225 2263 285 2303 suo.
327 2248 481 2315 Negabant
502 2249 547 2306 ini
571 2249 627 2307 sibi
650 2250 802 2324 quidouam
826 2269 889 2307 csse
912 2251 1087 2305 mandatum.

225 2343 294 2400 Non
305 2341 405 2399 audio:
421 2347 568 2398 numerate
580 2341 643 2397 H·S
655 2359 705 2396 xv.
734 2341 811 2413 Quid
825 2342 953 2399 tacerent
968 2333 1087 2402 miseri?

225 2447 275 2498 aut
288 2442 356 2516 quid
374 2437 559 2497 recusarent?
578 2440 744 2512 praesertim
758 2441 869 2497 cumin
883 2443 990 2498 lectulo
1002 2444 1088 2501 decu·

224 2557 328 2596 manae
337 2538 463 2596 mulieris
472 2539 596 2612 vestigia
604 2539 737 2595 viderent
748 2539 885 2608 recentia,
894 2541 994 2615 quibus
1005 2543 1087 2601 illum

223 2639 397 2698 inflammari
410 2639 447 2694 sd
458 2639 698 2712 perseverandum
709 2637 931 2712 intelligebant?
959 2642 1005 2698 lta
1015 2641 1088 2699 civi·

225 2744 270 2797 tas
290 2757 347 2797 una
366 2737 508 2796 sociorum
528 2741 613 2810 atque
633 2737 799 2805 amicorum,
812 2738 921 2795 duabus
935 2739 1087 2797 teterrimis

225 2836 409 2902 mulierculis,
433 2837 526 2892 Verre
551 2841 690 2908 praetore,
710 2836 864 2910 vectigalis
885 2836 947 2893 tuit.
989 2839 1087 2912 Atque

224 2951 280 3007 ego
293 2951 380 2999 nunc,
393 2950 458 2987 euru
476 2932 608 2987 frumenti
628 2949 783 2997 numerum,
804 2938 834 2989 et
847 2951 896 2988 eas
911 2935 1025 3005 publice
1039 2954 1087 3009 pe·

224 3031 326 3089 cuniae
339 3028 506 3086 decumanis
523 3027 560 3082 ab
575 3026 794 3083 Herbitensibus
815 3030 896 3084 datas
920 3047 983 3085 esse
1001 3031 1085 3090 dico:

225 3148 280 3206 quo
293 3128 337 3186 illi
350 3127 501 3193 frumento,
514 3129 544 3181 et
554 3123 654 3198 quibus
669 3124 798 3198 pecuniis
813 3131 909 3183 tamen
923 3145 940 3184 a
953 3130 1087 3190 decuma·

225 3245 326 3303 norum
346 3224 457 3298 injuriis
480 3223 561 3280 cives
585 3241 651 3281 suos
675 3242 733 3282 uon
753 3223 943 3284 redemerunt.
968 3232 1087 3300 perditis

225 3326 304 3390 enim
318 3329 348 3382 et
360 3323 479 3397 direptis
492 3328 633 3380 aratorum
647 3323 739 3391 bonis,
750 3326 823 3382 boec
834 3325 1001 3385 decumanis
1015 3347 1086 3388 mer-

253 3477 277 3512 ⁸'
294 3479 350 3524 mul·
362 3479 519 3541 emmim]
552 3477 680 3540 Scripsimus
696 3492 725 3526 nc
739 3494 780 3541 pro
795 3494 821 3528 rr
836 3493 850 3527 e
869 3495 919 3542 cap.
930 3483 1105 3544 praecedentes,¹

226 3541 251 3588 et
259 3535 291 3587 sic
299 3535 354 3588 clim
363 3537 448 3588 editum
454 3537 502 3586 luit.
