2486 4212
218 279 284 341 '134
530 269 721 330 invenenat

219 420 360 480 timimam
381 419 488 480 animm
501 420 677 489 fuissemus
691 419 805 477 esthon
828 415 975 492 cupidine
994 415 1083 478 ⁵tam·

219 519 278 589 diu,
288 521 356 578 dum
369 520 460 578 iorum
473 519 530 577 diis
553 519 759 578 immortalibus
777 521 937 592 populoque
952 518 1084 576 Romano

217 618 320 676 babuit
342 624 490 678 ornatum:
511 623 550 687 et,
571 635 638 676 oum
651 622 727 674 esset
740 617 844 688 hospes
859 615 1008 688 Hejorum,
1023 616 1084 676 Ma·

217 716 334 776 mertini
347 722 444 776 autem
456 717 553 791 populi
569 720 713 790 patronus,
727 718 759 771 ut
778 714 835 771 iilis
858 713 993 787 benignis
1017 731 1082 772 usus

215 820 261 874 est
274 818 310 874 ad
325 817 573 883 commodandum,
593 815 635 871 sio
649 813 712 886 ipse
725 812 849 886 diligens
871 812 925 868 fuit
938 797 976 868 ad
989 829 1082 885 repor-

216 917 344 974 tandum.
387 917 487 987 Nuper
509 912 641 972 homines
661 911 773 969 nobiles
786 910 936 982 ejusmodi,
950 910 1081 983 judiees:

215 1012 326 1086 etquid
340 1012 407 1068 dieo
420 1009 531 1085 nuperi
551 1011 640 1068 immo
654 1027 725 1066 vero
738 1011 833 1076 modo,
854 1026 889 1066 aa
903 1011 990 1082 plane
1004 1009 1080 1082 paui·

214 1111 245 1170 io
265 1114 334 1168 ante
352 1109 495 1168 vidimus:
517 1110 565 1185 qui
580 1109 680 1176 sorum,
693 1125 728 1166 ao
742 1107 887 1176 basilicas,
909 1123 968 1164 non
981 1107 1079 1180 spoliis

213 1207 437 1282 provineiarum,
460 1209 513 1264 sed
533 1206 708 1266 ornamentis
730 1206 896 1273 amiaomm,
922 1203 1079 1262 commodis

213 1306 369 1380 hospitum,
383 1323 441 1364 uon
455 1305 537 1362 iuriis
551 1305 728 1371 nocentium,
747 1309 899 1361 ornarent:
920 1303 969 1377 qui
984 1308 1079 1360 tamen

213 1405 298 1479 signa
310 1409 395 1479 atque
405 1407 575 1462 ornamenta
587 1421 638 1460 sua
651 1402 753 1476 auique
764 1403 937 1459 reddebant:
959 1419 1018 1458 non
1032 1402 1079 1458 ab·

213 1506 274 1562 lata
286 1521 326 1560 ex
340 1502 455 1560 urbibus
468 1500 619 1568 sociorum,
638 1499 649 1531 ⁶
668 1499 811 1574 quatridui
824 1517 920 1568 eausa,
931 1518 983 1574 per
995 1500 1079 1557 simu·

212 1600 354 1660 lationem
367 1598 534 1666 aedilitatis,
546 1600 661 1657 domum
672 1599 787 1666 deinde,
800 1603 885 1673 atque
899 1601 937 1654 ad
950 1615 1015 1655 suas
1026 1597 1079 1657 vil·

212 1701 257 1758 ias
271 1699 447 1762 auferebant.
490 1698 573 1755 Haeo
586 1697 693 1764 omnia,
707 1715 780 1772 quae
804 1697 876 1764 dixi,
900 1697 1077 1772 signajudi·

213 1815 273 1866 aes,
287 1799 324 1856 ab
338 1797 416 1870 Hejo
439 1798 475 1853 de
489 1796 615 1855 sacrario
629 1796 737 1853 Verres
751 1796 883 1854 abstulit:
905 1798 1031 1864 nulium‚'
1038 1797 1080 1854 in·

213 1914 308 1973 quam,
335 1897 436 1953 horum
462 1895 587 1968 reliquit,
613 1893 729 1969 *neque
755 1895 834 1950 aliud
857 1896 946 1951 ullum
973 1900 1079 1962 tamem

213 2000 328 2069 praeter
337 2011 426 2050 unum
439 1998 573 2066 pervetus
589 1993 725 2065 ligneum,
739 1993 852 2049 Bonam
867 1995 1034 2061 Fortunam,
1047 1998 1080 2051 ut

183 2092 326 2164 dapinor.
340 2107 404 2158 eam
418 2090 473 2146 iste
484 2090 589 2146 habere
603 2091 681 2146 domi
694 2108 762 2146 suae
777 2092 878 2148 noluit.
921 2093 978 2150 Pro
992 2091 1080 2152 deum

213 2189 537 2265 hominumquefidemi
564 2189 701 2262 quidhoc
728 2187 794 2246 est?
826 2189 917 2265 ³quae
940 2196 985 2249 est
1006 2193 1081 2250 haee

214 2285 325 2348 eausa?
345 2305 416 2364 quae
430 2288 504 2344 hasa
526 2287 704 2360 impudentia
717 2285 782 2345 est?
801 2287 894 2362 ”quae
908 2289 974 2346 dieo
988 2290 1080 2364 signa,

215 2393 369 2462 antequam
382 2389 433 2443 abs
447 2391 476 2442 te
487 2387 599 2442 sublata
612 2391 688 2448 sunt,
703 2387 868 2442 Messanam
879 2403 945 2443 oum
959 2389 1082 2461 imperio

215 2499 302 2544 nemo
316 2485 408 2554 venit,
421 2483 489 2560 quin
498 2483 613 2540 viderit.
656 2484 719 2542 Tot
729 2491 882 2558 praetores,
894 2489 936 2542 tot
946 2489 1082 2544 consides

243 2647 255 2680 ⁵
269 2648 362 2702 tamdiu,
373 2645 446 2708 dam]
478 2645 578 2692 Tamdiu
590 2637 709 2706 πλεονάζει,
721 2648 759 2694 sed
769 2647 848 2694 Cicero
857 2647 943 2709 saepius
958 2649 1080 2697 baesorms

216 2721 267 2755 usus
276 2712 317 2762 est,
329 2707 394 2754 Tusa.
406 2707 436 2761 V,
446 2709 482 2752 33.
493 2707 522 2752 ad
533 2705 585 2752 Div.
598 2706 638 2760 IX,
651 2709 684 2752 12.
752 2729 756 2736 ‚

246 2785 387 2845 “armti-idad
397 2785 489 2846 aarum]
521 2782 689 2844 Nescioquam
705 2783 726 2828 in
744 2785 785 2830 hoc
802 2784 903 2830 laborent
919 2785 961 2831 viri
977 2787 1045 2844 docti,
1056 2791 1083 2833 et

217 2845 375 2890 correctionem
383 2847 496 2902 quaerant.
520 2842 659 2900 Intelligendi
667 2848 717 2888 sunt
726 2843 773 2888 dies
780 2843 888 2898 ludorum,
895 2859 935 2903 per
942 2860 999 2906 quae
1008 2847 1082 2891 ionum

217 2908 242 2947 et
252 2901 362 2946 comitium
378 2905 480 2945 ornatum
496 2906 552 2945 erat.
584 2902 621 2946 Ad
638 2903 701 2958 hujus
717 2903 822 2962 temporis
837 2917 898 2948 usum
914 2903 1047 2949 simulabant
1055 2917 1082 2950 se

217 2965 294 3020 petere
304 2959 425 3012 slmuiaara,
437 2963 460 3002 et
470 2959 497 3002 ad
507 2962 609 3002 ornatum
618 2959 749 3004 aedilitatis:
766 2963 856 3020 accepia
866 2976 909 3006 non
919 2961 1048 3007 reddebant.

248 3037 259 3070 '¹
274 3051 368 3095 nequeo.
381 3050 403 3080 u.
415 3035 504 3103 manen]
537 3036 564 3080 ln
572 3040 644 3082 tumen
654 3035 725 3082 haesit
735 3037 894 3085 Hotomannus.
911 3043 971 3084 eerte
980 3040 1034 3100 quid
1044 3040 1084 3086 hie

218 3097 254 3154 sit,
265 3103 288 3142 et
298 3097 345 3156 ipse
354 3108 397 3140 non
407 3095 479 3139 video.

248 3179 258 3210 θ
316 3179 365 3220 aest
375 3173 425 3217 haec
435 3171 524 3218 noant
538 3173 647 3231 omraisto,
658 3174 711 3234 ete]
727 3174 769 3219 Eat
777 3175 853 3220 addidi
864 3191 890 3221 ex
899 3177 949 3222 edd.
961 3192 994 3237 pr.
1021 3175 1085 3224 Mss.

218 3237 263 3282 duo
281 3233 363 3282 rraevii
373 3236 457 3292 ponunt
466 3231 488 3276 in
498 3233 546 3276 fine.
577 3232 622 3277 Isto
634 3247 673 3292 pro
681 3233 733 3278 imae
743 3248 755 3277 e
764 3233 822 3280 Mas.
838 3235 936 3281 Graevii.
973 3235 1085 3282 Ceterum

218 3294 354 3399 iniaiiiinGu'
367 3295 453 3338 tantum
463 3293 507 3337 est:
523 3290 587 3342 Quid
598 3292 636 3338 boc
646 3294 691 3338 est?
704 3307 758 3351 quoa
771 3293 819 3339 dico
832 3295 904 3352 sigim,
914 3299 957 3339 eta.
969 3294 1042 3340 nescio
1051 3307 1087 3340 an

248 3431 260 3462 ⁰
273 3445 327 3490 mma
335 3430 383 3476 diuo
392 3428 474 3498 sigim]
505 3427 549 3474 Hic
558 3428 634 3489 putavi
648 3443 696 3474 esse
705 3429 812 3476 lacunam.
828 3445 880 3476 nam
889 3431 992 3477 haernon
1002 3431 1088 3477 aohae·

218 3485 514 3610 r'gfflffisagifflgtnubus
528 3489 646 3536 seeundum
659 3487 773 3546 vulgatam
785 3487 910 3538 irationem.
941 3489 966 3537 Si
975 3490 1024 3538 Ma
1036 3488 1085 3536 Gn.
