2418 4208
388 305 785 366 tc'l.ll.ltBliRtlll1N'llls.
863 305 868 316 ’
953 325 1015 388 315

146 447 199 560 les,
212 423 300 526 quem
312 451 369 512 iste
389 457 554 532 Agrigenti,
567 466 654 520 nnete
672 425 856 538 intemoesto,
869 483 1016 528 serronmr
1051 447 1056 460 ⁸
1088 427 1091 434 .

34 597 38 604 .
144 553 286 608 instructo
299 556 330 610 et
342 563 508 630 oompornte
524 577 621 630 menn,
634 567 802 624 convellere
817 585 857 625 ex
870 568 929 626 suis
942 570 1016 628 sedi-
1114 625 1119 630 .

146 644 210 712 bus,
233 652 318 726 nique
341 655 450 714 oriens
471 664 592 718 nonnius
618 668 680 730 est:
715 669 811 740 teque,
833 667 1017 726 sonotissirne

146 749 240 803 meter
265 737 363 819 idaea,
377 771 462 828 quem
485 760 562 831 opud
577 760 735 836 Enguinos,
759 765 961 840 sngustissimo
986 772 1017 826 et

145 841 363 916 religiosissimo
372 849 404 909 in
414 857 531 927 templo,
539 857 583 914 sio
595 861 748 932 spoliatam
762 864 925 938 reliquitur
938 882 1016 924 nuno

96 963 105 980 1
146 956 256 1000 nomen
269 947 355 1002 modo
377 948 522 1022 Airionni,
536 960 566 1012 ei
587 959 712 1033 vestigis
726 962 854 1020 violetse
867 964 1017 1037 religionis

146 1045 293 1108 moneant,
317 1056 504 1108 monuments
524 1053 679 1126 victorine,
706 1058 821 1134 lenique
847 1068 1017 1120 ornamento

145 1153 206 1193 non
219 1142 352 1198 exstentr
373 1161 491 1221 vosque,
505 1152 634 1210 omnium
654 1173 747 1214 rerum
770 1158 935 1226 forensium,
948 1175 1017 1218 oon·

145 1233 275 1294 siliorum
297 1242 496 1314 maximorum,
510 1250 616 1323 legum,
625 1252 858 1330 judiciorumque
871 1257 972 1314 arbitri
986 1261 1017 1315 et

146 1335 246 1402 testes,
258 1335 289 1368 ¹⁰⁰
297 1341 487 1402 celeberrimo
500 1346 531 1404 in
545 1350 611 1406 looo
625 1352 724 1424 populi
735 1354 819 1410 Rom.
835 1355 932 1422 locati,
947 1355 1017 1412 Cns-

147 1434 193 1488 tor
205 1435 364 1506 ‹rt-Pollux,
380 1460 498 1516 quorum
518 1451 659 1522 stemplo
677 1455 826 1523 quaestum
845 1453 903 1509 sibi
912 1453 969 1510 iste
986 1457 1017 1510 et

147 1531 284 1602 praedem
293 1538 451 1600 mnximsm
463 1540 675 1618 improbissime
688 1550 884 1622 comparavit:
904 1568 1016 1608 omnes·

145 1643 202 1702 que
213 1629 265 1700 nii,
274 1635 325 1708 qui
339 1629 484 1698 vehiculis
497 1646 643 1702 tensorum
656 1648 812 1704 sollemnes
823 1652 923 1705 noetus
936 1651 1015 1707 ludo·

143 1746 207 1788 rum
219 1729 309 1802 initis,
323 1753 442 1809 qnorum
452 1739 508 1796 iter
521 1740 576 1799 iste
591 1743 628 1800 ed
641 1758 723 1801 snum
734 1750 892 1819 quaestum,
905 1763 965 1804 non
978 1740 1016 1804 'od

96 1827 99 1832 '
143 1829 316 1904 religionum
328 1835 510 1911 dignitatem,
533 1838 698 1900 iaciendum
719 1842 950 1916 exigendumque
967 1859 1017 1902 eu·

144 1931 354 2010 mittisque,
379 1935 480 2004 fleres,
502 1941 533 1994 et
558 1937 673 2007 Libere,
693 1957 812 2014 quornm
836 1957 927 2009 moro,
940 1942 1017 2000 siout

144 2031 298 2104 opiniones
311 2034 461 2096 hominnm
479 2054 516 2095 no
540 2036 697 2112 religiones
709 2040 813 2107 lerunt,
826 2042 912 2114 longe
926 2042 1016 2099 moxi-

66 2161 71 2170 ·
143 2131 199 2194 mis
219 2135 536 2208 stqneooenltissimis
560 2138 751 2195 eaeremoniis
779 2137 974 2208 eontinentur,
998 2155 1018 2196 s

144 2233 245 2311 quibus
260 2235 345 2291 initis
357 2233 438 2289 vitoe
457 2238 545 2308 sique
558 2235 663 2302 vietus,
684 2239 788 2308 legum,
802 2253 922 2305 morum,
935 2255 1014 2295 men·
1110 2271 1114 2286 t

141 2330 311 2399 suetudinis,
323 2329 508 2388 humanitatis
526 2333 662 2404 exempla
682 2332 852 2390 hominihus
866 2339 896 2390 ei
906 2334 1010 2392 eivita-

142 2431 219 2491 tibns
239 2432 308 2488 date
323 2446 360 2487 ao
373 2429 524 2502 dispertito
544 2445 609 2487 esse
622 2430 771 2488 slionntnr:
792 2447 911 2505 quorum
929 2449 1013 2490 soors

143 2532 265 2606 populns
286 2531 433 2588 liomsnus
455 2527 610 2586 nGrnsois
624 2529 719 2587 osoils
738 2533 770 2586 et
790 2533 920 2604 surrepto,
934 2535 1016 2589 tento

145 2629 285 2704 religione
299 2634 330 2686 et
342 2627 458 2702 publioe
468 2632 499 2684 et
512 2626 652 2702 privetim
666 2631 771 2695 tuetur,
784 2645 845 2686 non
858 2633 891 2686 nt
904 2629 941 2686 nb
951 2627 1017 2686 eliis

146 2729 205 2786 lino
218 2725 315 2795 allati,
326 2727 377 2784 sed
386 2730 418 2783 ui
437 2724 543 2783 oeteris
564 2725 635 2783 hino
653 2726 758 2783 trudito
772 2742 835 2782 esse
847 2725 1015 2786 rideantur:

146 2846 220 2906 qnne
233 2829 270 2885 nb
282 2827 340 2884 isto
352 2837 410 2882 uno
423 2825 467 2881 sio
478 2825 589 2898 polluto
603 2829 633 2882 et
643 2825 755 2884 violsts
768 2828 844 2893 sunt,
858 2829 890 2882 nt
901 2823 1016 2882 simule-

145 2943 227 2986 ornm
241 2924 354 2984 Cereris
365 2941 463 2991 unum,
480 2924 556 2997 quod
576 2937 594 2978 n
607 2923 672 2979 viro
684 2939 744 2980 non
757 2923 844 2980 modo
856 2922 946 2996 tongi,
964 2923 1017 2980 ssd

143 3043 184 3084 ne
197 3023 307 3096 edspioi
317 3021 433 3100 quidem
447 3021 489 3078 ias
504 3021 567 3089 init,
581 3038 598 3078 e
612 3020 739 3079 sacrario
754 3019 878 3078 Getinne
897 3023 1016 3078 convel-

146 3123 266 3182 lendum
295 3120 541 3194 evertendnmque
572 3119 717 3176 curaverit
729 3139 738 3188 3
769 3122 890 3177 oliorum
920 3124 1018 3176 sutem

147 3222 252 3280 Ennne
274 3237 313 3276 ex
339 3235 391 3276 sun
414 3219 482 3274 sede
506 3233 542 3274 oo
566 3218 652 3272 slomo
676 3217 838 3274 sustulerit:
859 3217 935 3290 quoel
954 3221 1018 3274 emt

147 3321 217 3385 tale,
229 3320 263 3374 nt
284 3316 426 3383 homines,
445 3331 512 3378 eum
536 3314 678 3382 viderent,
691 3319 741 3372 aut
759 3313 852 3387 ipsam
865 3314 966 3373 videre
984 3331 1017 3371 se

148 3417 296 3482 Cererem,
306 3420 356 3471 snt
368 3413 494 3487 effigiem
508 3411 631 3481 Cereris,
647 3429 707 3470 non
721 3415 847 3470 humens
859 3429 946 3470 manu
959 3413 1017 3470 iso·

159 3521 208 3584 ⁴¹⁰·
223 3551 286 3596 ens.
302 3551 329 3596 n
347 3551 391 3596 oo
406 3547 514 3606 nmero
533 3549 614 3611 omn]
646 3548 759 3595 nmmo
774 3547 876 3595 vinosum
887 3561 1017 3602 esem

150 3609 244 3657 dubitet.
275 3608 385 3656 Graevius
394 3607 481 3667 oonjieit
487 3621 535 3665 pon
547 3607 610 3654 Rom.
621 3608 679 3669 quod
690 3612 724 3654 est
732 3608 756 3654 in
763 3607 807 3656 (iu.
818 3607 911 3664 uutfon'
919 3606 950 3653 R.
966 3607 1017 3656 iloe

150 3682 228 3718 rorum
237 3671 298 3730 puto,
306 3667 396 3726 velsoss'
405 3665 540 3730 simpliciter.
571 3667 659 3715 interes
667 3666 741 3728 recepi
747 3681 796 3725 pop.
807 3665 838 3715 Β.
849 3681 863 3714 e
872 3665 920 3713 eod.
929 3665 977 3712 (iu.
