2428 4212
205 324 271 384 254
550 317 742 368 ruvaaaau

205 467 284 527 otae
294 484 325 526 se
338 465 468 539 diceret;
489 484 555 526 cum
568 485 679 535 ornnes,
693 471 724 524 nt
737 481 799 524 mos
812 469 866 532 est,
876 469 908 522 ut
921 465 996 520 solet
1007 461 1083 529 fieri,

205 571 419 634 concmrereut,
437 565 614 641 quaererent,
628 567 728 624 villere
748 569 897 640 cuperent.
939 559 1018 635 Quid
1032 578 1081 620 ac·

205 665 287 732 sidit,
299 682 352 723 cur
364 669 514 739 tantopere
532 666 587 723 iste
600 666 686 722 homo
698 665 900 731 occultaretur,
912 665 945 718 ut
957 678 1024 717 eum
1039 677 1080 716 ne

193 762 276 825 &asu
299 765 416 840 quidem
438 765 586 841 quisquam
606 762 754 837 adspicere
767 758 887 836 posset?
905 759 1080 817 ⁸⁵Homines

207 863 344 922 maritimi
359 864 520 937 Syracusis,
534 863 582 938 qui
596 879 683 936 saepe
706 861 789 919 iatius
811 861 894 918 ducis
908 877 1009 918 nomeu
1023 875 1077 916 au·

206 943 327 1030 carens,
337 979 403 1020 cum
418 979 483 1019 eum
496 979 583 1036 saepe
604 961 778 1028 timuissent,
791 977 858 1018 cum
873 960 933 1033 ejus
946 957 1080 1016 cruciatu

206 1065 292 1134 atque
305 1061 447 1133 supplicio
460 1077 580 1134 pascere
593 1063 702 1128 oculos,
716 1058 897 1135 animumque
909 1061 1076 1116 exsaturare

206 1159 334 1220 vellent:
354 1161 483 1232 potestas
504 1158 687 1233 adspiciendi
697 1157 808 1216 nemini
832 1158 972 1214 factaest.
992 1157 1079 1214 Unus

205 1259 301 1331 plnres
327 1258 506 1330 praedonum
538 1259 627 1316 duces
654 1257 740 1317 vivos
761 1257 841 1332 cepit
865 1257 900 1314 P.
924 1255 1077 1323 Servilius,

207 1373 293 1431 quam
312 1373 414 1415 omnes
437 1362 534 1416 antea.
556 1357 716 1434 Ecquando
728 1355 815 1430 igitur
827 1356 884 1412 isto
896 1355 990 1412 fructu
1005 1354 1079 1429 qnis-

207 1472 292 1530 quam
307 1456 408 1522 caruit,
421 1461 453 1513 ut
476 1456 576 1513 ridere
600 1456 722 1529 piratam
745 1459 862 1528 captum
880 1472 940 1511 non
954 1447 1079 1510 liceret?

208 1553 252 1609 At
264 1557 373 1619 contra,
390 1569 566 1627 quacumque
588 1553 645 1612 iter
663 1553 743 1622 lecit,
764 1555 820 1611 hoc
833 1552 1078 1628 jucundissimum

206 1651 404 1723 spectaculum
414 1652 547 1709 omuibus
561 1651 725 1710 vinctorum
735 1657 941 1726 captorumque
952 1650 1079 1708 hostiurn

206 1749 372 1822 praebebat.
414 1751 515 1827 ltaque
537 1751 566 1809 ei
587 1767 743 1809 concursus
760 1750 886 1827 undique
908 1751 1028 1816 fiebant,
1048 1754 1080 1806 ut

207 1865 267 1906 non
281 1851 368 1908 modo
391 1869 429 1908 ex
451 1851 496 1908 his
511 1850 634 1924 oppidis,
649 1868 704 1926 qua
717 1851 901 1918 ducebantur,
916 1850 967 1906 sed
989 1847 1078 1906 etiam

208 1965 246 2004 ex
267 1948 406 2016 finitimis,
418 1949 534 2006 risendi
547 1965 643 2017 causa,
657 1948 859 2007 convenirent.
899 1949 968 2021 lpse
982 1951 1078 2003 aulem

207 2044 365 2116 triumphus
379 2048 564 2118 quamobrem
584 2047 713 2104 omnium
733 2047 940 2120 triumphorum
954 2043 1079 2120 gratissi·

207 2159 269 2198 mus
283 2145 390 2221 populo
407 2142 543 2200 Romano
564 2143 618 2201 luit
636 2139 723 2218 atque
740 2141 991 2219 jucundissimus?
1010 2144 1079 2218 qnia

207 2238 281 2298 nihil
295 2248 339 2298 est
353 2241 478 2299 victoria
499 2243 621 2301 dulcius.
642 2245 753 2301 nullum
776 2249 821 2300 est
841 2249 938 2300 autem
953 2243 1080 2300 testimo·

206 2339 288 2401 nium
308 2340 450 2398 victoriae
475 2341 590 2408 certius,
604 2359 697 2416 quam,
722 2359 799 2420 quos
816 2359 903 2416 saepe
932 2341 1078 2408 metueris,

209 2457 259 2496 eos
273 2444 302 2496 te
322 2440 438 2496 vinctos
461 2441 497 2496 ad
521 2440 694 2512 supplicium
718 2422 787 2498 duci
809 2441 918 2498 videre.
961 2441 1079 2498 Hoetu

208 2539 392 2611 quamobrem
414 2555 472 2594 non
492 2537 611 2596 iecisti?
631 2541 815 2612 quamobrem
836 2539 879 2596 ita
903 2539 959 2596 iste
986 2537 1080 2612 pirata

208 2638 318 2693 celatus
341 2640 395 2704 est,
408 2636 489 2710 quasi
503 2653 569 2693 eum
582 2633 731 2710 adspicere
745 2638 825 2694 nelas
847 2635 945 2694 esset?
965 2655 1081 2711 quamo-

113 2793 119 2804 ,
208 2735 290 2806 brem
303 2736 476 2809 supplicium
500 2755 559 2793 non
581 2733 729 2794 sumsisti?
749 2754 834 2809 quarn
848 2738 885 2793 ob
900 2753 1018 2792 causam
1034 2737 1082 2792 ho-

209 2834 317 2890 miuem
332 2833 508 2891 reservasti?
537 2853 658 2910 ecquem
681 2835 787 2892 audisti
809 2836 839 2893 in
866 2834 970 2892 Sicilia
993 2841 1081 2892 autea

209 2934 326 3001 captum
340 2931 552 3003 archipiratam,
574 2933 705 3007 quinon
728 2935 821 2990 securi
846 2951 996 3007 percussus
1017 2931 1082 2992 sit?

208 3043 298 3083 unum
321 3028 395 3084 cedo
417 3033 563 3086 auctorem
584 3031 627 3086 tui
648 3032 736 3089 facti:
757 3033 840 3090 unius
864 3033 959 3106 profer
983 3049 1082 3088 exem-

209 3126 298 3199 plum.
340 3125 452 3182 Vivum
473 3130 505 3182 tu
529 3127 733 3202 archipiratam
753 3134 899 3200 servabas,
921 3149 1007 3205 quern
1032 3149 1084 3204 per

210 3226 393 3300 triumphum,
406 3227 502 3294 oredo,
526 3244 611 3302 quem
633 3235 701 3285 ante
718 3247 831 3286 currum
850 3235 929 3286 tuum
950 3231 1082 3286 duceres.

211 3322 314 3398 Neque
342 3325 422 3383 enim
449 3318 602 3402 quidquam
624 3332 685 3384 erat
703 3327 767 3402 jam
791 3328 939 3402 reliquum,
962 3327 1020 3384 nisi
1040 3331 1082 3395 ut,

239 3473 261 3506 ⁸⁵
274 3473 381 3520 Honrims
390 3477 640 3542 ammdmidpraeaa'sd
671 3481 708 3529 Sic
721 3497 762 3544 pro
777 3482 910 3530 Mamertini
943 3481 993 3528 rirni
1008 3480 1082 3550 capite

209 3538 321 3594 sequente,
331 3532 369 3578 ubi
380 3534 440 3582 clare
449 3537 559 3584 sadaca
574 3540 671 3587 homines
680 3546 737 3597 snut,
749 3541 805 3587 bene
822 3541 912 3588 edidere
922 3498 1049 3598 flervagrus
1058 3541 1086 3584 et

207 3591 336 3660 Victorius..
344 3589 432 3659 sic·Ms.
448 3594 521 3642 Guell.
533 3597 607 3645 habet.
618 3606 759 3660 opponuntur
768 3600 941 3659 mdsuwaada
957 3597 996 3660 qui
1010 3600 1084 3646 stult

207 3649 271 3698 rebus
281 3652 398 3698 marrtrmn
406 3651 481 3700 alieni.
