2418 4208
346 345 417 395 ACT.
435 345 464 393 ll.
481 343 579 393 uranu
593 344 744 397 QUINTUS.
910 353 970 411 261

108 496 172 570 quis
187 500 216 552 te
227 492 356 553 audiret?
376 511 463 562 nunc,
478 511 544 552 cum
559 495 661 552 vivum
674 494 761 552 istum
775 493 975 569 nescioquem

109 596 259 668 produces,
277 593 441 652 ”amenus
465 594 494 649 id
518 593 599 651 credi
623 591 726 652 voles?
747 595 833 666 Quid,
854 595 879 651 si
899 595 976 652 aulu-

109 691 220 768 gisset?
239 693 264 750 si
279 694 378 751 vincla
401 693 522 768 rupisset
542 693 592 760 ita,
606 697 637 750 ut
657 693 735 750 Nico
753 693 814 760 ille,
834 693 976 750 nobilissi-

109 811 172 850 mus
196 794 296 866 pirata,
323 793 402 861 lecit,
423 811 508 868 quem
534 793 568 849 P.
580 792 732 859 Servilius,
754 810 810 866 qua
834 793 975 850 felicitate

105 897 233 965 ceperat,
253 893 356 948 eadem
376 885 580 966 recuperavit?
606 891 675 967 quid
699 889 834 949 diceres?
864 892 977 948 Verum

103 991 249 1047 hocerat.
264 989 355 1046 siille
381 993 470 1047 semel
493 1008 579 1046 verus
601 991 776 1064 archipirata
798 990 893 1047 securi
915 1009 977 1064 per·

102 1104 211 1147 cussus
231 1093 324 1145 esset:
356 1088 510 1161 pecuniam
531 1089 613 1146 illam
639 1107 700 1146 non
725 1092 854 1146 haberes.
878 1088 903 1144 si
927 1091 976 1146 hic

102 1188 195 1245 lalsus
207 1191 285 1244 esset
308 1191 443 1254 mortuus,
457 1192 507 1243 aut
528 1187 710 1261 profugisset:
733 1207 792 1245 non
816 1193 894 1244 esset
906 1188 977 1245 diffi-

102 1286 164 1344 cile
180 1285 271 1343 alium
281 1285 312 1342 in
327 1284 467 1358 suppositi
489 1286 586 1342 locum
604 1302 772 1359 supponere.
806 1285 892 1343 Plura
905 1285 977 1353 dixi,

100 1402 191 1461 quam
210 1384 299 1452 volui,
323 1385 360 1442 de
384 1383 436 1441 illo
457 1383 647 1458 archipirata:
668 1387 698 1438 et
722 1389 819 1442 tamen
842 1401 887 1451 ea,
905 1401 978 1458 quae
1034 1369 1039 1378 Χ

100 1484 268 1543 certissima
282 1490 349 1541 sunt
363 1485 447 1557 hujus
456 1482 586 1541 criminis
597 1487 774 1557 argumenta,
788 1482 977 1555 praetermisi.

103 1584 188 1640 Volo
213 1583 293 1640 enim
317 1583 389 1640 mihi
414 1587 505 1640 totum
527 1599 590 1638 esse
614 1581 725 1638 crimen
744 1582 800 1638 hoc
824 1581 977 1655 integrum.

99 1688 149 1738 est
164 1687 263 1738 certus
276 1684 366 1749 locus,
385 1686 465 1738 certe
478 1683 539 1748 lex,
558 1685 669 1737 certum
692 1680 826 1747 tribunal,
851 1697 907 1755 quo
921 1681 977 1736 hoe

99 1783 280 1838 reservetur.

145 1879 217 1936 Hac
233 1882 313 1954 tanta
332 1878 439 1949 praeda
453 1881 563 1944 auctus,
577 1877 739 1951 mancipiis,
753 1881 881 1950 argento,
896 1880 978 1933 veste
990 1878 1028 1937 31

101 1979 314 2050 locupletatus,
327 1975 421 2032 nihilo
440 1975 607 2050 diligentior
620 1978 656 2033 ad
670 1964 793 2033 classem
812 1975 980 2042 ornandam,

98 2076 217 2134 milites
235 2075 414 2130 revocandos
439 2077 614 2149 alendosque
636 2093 700 2131 esse
722 2073 837 2147 coepit:
859 2087 980 2130 cumea

97 2194 147 2233 res
168 2192 232 2231 non
259 2175 350 2228 solum
375 2173 545 2245 provinciae
568 2174 663 2240 saluti,
686 2191 787 2231 verum
811 2174 900 2230 etiam
923 2171 981 2247 ipsi

98 2275 236 2347 praedae
251 2289 314 2326 esse
328 2275 434 2342 posset.
476 2272 554 2326 Nam
575 2275 684 2327 aestate
701 2287 821 2338 summa,
835 2288 891 2346 quo
909 2276 980 2328 leur

94 2389 172 2446 pore
189 2368 287 2426 ceteri
301 2370 445 2440 praetores
458 2367 539 2424 obire
561 2367 750 2440 provinciam,
764 2374 795 2424 et
808 2385 980 2426 concursare

94 2469 335 2531 consueverunt,
360 2465 519 2523 autetiam
541 2465 573 2523 in
599 2470 680 2523 tanto
701 2467 877 2540 praedonum
901 2471 980 2524 metu

94 2575 129 2628 et
152 2566 293 2642 periculo
313 2563 370 2638 ipsi
389 2567 547 2640 navigare:
569 2581 605 2621 eo
624 2569 752 2638 ternpore
771 2567 808 2622 ad
828 2566 981 2636 luxurians,

93 2667 304 2738 libidinesque
337 2681 411 2732 suas,
431 2661 546 2720 ”domo
584 2679 636 2719 sua
667 2663 746 2736 regia
785 2661 871 2740 [quae
905 2665 980 2738 regis

93 2765 249 2828 Hieronis
283 2763 345 2829 luit,
366 2779 422 2837 qua
443 2767 587 2834 praetores
616 2761 658 2818 uti
682 2757 799 2838 solenh]
826 2766 981 2820 contentus

92 2887 158 2926 non
189 2865 261 2922 luit.
293 2864 489 2929 tabernacula,
520 2861 758 2936 quemadmodum
788 2866 981 2918 consueverat

123 3024 147 3060 ⁹8
162 3027 275 3068 tamenne
284 3016 310 3062 id
323 3016 384 3062 aaut
397 3017 459 3063 vota.
501 3015 543 3062 Est
560 3015 603 3060 hoo
617 3029 670 3062 sane
678 3029 692 3061 e
700 3029 763 3062 mera
771 3016 899 3072 conjectura
907 3015 982 3063 Hoto-

90 3082 181 3128 manni.
195 3093 242 3126 nec
252 3075 322 3122 ausim
332 3077 446 3130 affirmare,
478 3073 634 3121 ioeronisesse.
651 3075 695 3120 Sed
706 3078 780 3120 tamen
791 3073 887 3134 intelligi
913 3080 979 3133 otest,

89 3148 116 3189 et
135 3147 222 3204 aptum
243 3139 279 3182 est
296 3133 491 3196 argrrmentstioni.
521 3133 589 3184 Quod
603 3139 639 3180 est
655 3133 678 3180 iu
694 3133 757 3182 libris
774 3149 816 3180 ser.
837 3140 861 3179 et
905 3135 928 3178 d.
943 3149 978 3193 pr.

88 3200 249 3257 restituitque
268 3193 391 3240 Graevius:
410 3199 482 3238 lamen
497 3197 517 3237 te
534 3193 633 3238 derideri
649 3193 716 3247 sidu,
731 3192 797 3252 plane
814 3192 879 3238 nihili
898 3198 939 3248 est,
957 3197 982 3238 et

89 3261 201 3306 alienum
226 3254 259 3300 ab
276 3251 479 3310 argumentatione:
500 3251 545 3296 Cui
567 3252 710 3306 matures?-
733 3251 806 3310 ·qus's
823 3250 928 3296 audiret?
945 3276 955 3286 ·
970 3276 981 3285 -

88 3317 168 3382 Sequi
178 3315 258 3362 debet
267 3310 392 3370 hrdusmodi
401 3309 469 3372 quid:
486 3324 541 3368 ergo
548 3323 589 3354 neo
596 3309 640 3354 hoc
648 3309 708 3354 endi
718 3315 799 3368 posset,
807 3308 845 3354 vel
854 3309 964 3356 credetur

122 3399 148 3430 ω
166 3395 287 3440 domm
301 3391 372 3448 segia,
388 3403 443 3448 psus
456 3414 490 3424 -·
504 3389 590 3448 oleru]
619 3385 789 3446 annumqsa
804 3413 814 3422 -
828 3383 931 3448 qam,
947 3394 982 3437 est

89 3458 146 3506 nine
157 3450 239 3499 dublo
248 3447 328 3494 lacinia
337 3454 411 3496 assuta
419 3463 447 3494 ex
456 3445 605 3508 adscriptione
612 3445 738 3506 glossatoris
756 3445 820 3504 arv,
828 3451 862 3494 ⁵³
876 3453 902 3495 ut
914 3463 980 3513 supra

88 3533 112 3566 e.
133 3516 173 3563 12.
193 3509 277 3568 itaque
285 3507 345 3553 uncis
354 3507 440 3554 inclusi.
470 3507 515 3554 Sed
524 3506 594 3554 etiam
602 3519 643 3553 rasa
656 3517 699 3551 nou
724 3505 797 3552 lacet:
815 3519 860 3553 nos
869 3509 979 3566 murenis,

87 3566 398 3684 fflsswmffiglppt
430 3565 666 3628 Sedetlswurium
691 3564 1003 3630 'euemhoepoque-
