2438 4206
211 309 283 384 aax
547 309 743 366 ΗΜ

158 483 201 546 42
211 459 385 522 videamur?
414 460 602 522 Thermitani
620 463 772 533 micarunt,
785 463 835 540 qni
847 465 984 523 denum
998 479 1072 522 eme·

210 567 275 621 rent
287 562 349 636 agri
360 562 416 620 aui.
457 560 560 636 Magni
573 579 625 620 run
637 563 777 636 putabant
788 563 937 632 interesse,
956 562 1073 637 publice

209 660 305 735 potius
319 659 451 736 quamvis
471 676 577 736 magun
590 659 658 728 emi,
680 676 767 734 quam
789 661 821 719 in
840 661 966 737 utiqueur
989 661 1072 719 iatine

209 759 388 820 emissarium
399 760 539 818 incidere.
582 757 740 833 Appositua
765 764 827 817 erut
839 759 1000 832 Venuleius
1013 759 1073 835 qui·

208 859 285 928 dam,
298 859 347 935 qui
367 865 484 916 emeret.
525 857 555 916 ia
578 857 661 914 liceri
684 874 745 916 nun
765 857 885 916 ruunt.
908 856 964 926 ilii,
977 859 1072 933 quoad

208 957 361 1014 videbatur
374 957 440 1014 terri
448 957 544 1030 aliquo
557 957 643 1014 modo
655 973 749 1030 poree,
758 956 987 1014 contenderunt:
1008 974 1071 1030 poa·

111 1105 112 1110 ,
208 1059 300 1112 tremo
327 1053 410 1112 liceri
442 1054 622 1112 destiterunt.
646 1053 789 1112 addicitur
808 1053 956 1126 Venuleio
981 1053 1072 1113 tritici

207 1151 336 1210 modium
360 1151 450 1210 ”vm
470 1151 605 1209 millibua.
645 1152 772 1227 Legatua
786 1152 954 1210 Poseidorua
967 1169 1070 1212 renun-

207 1253 270 1311 tiat.
312 1253 388 1311 Cum
401 1251 533 1309 omuibus
556 1251 613 1310 hoc
626 1250 837 1308 intolerandum
860 1250 1016 1320 videretur,
1029 1256 1071 1310 tu·

207 1369 276 1410 men
289 1351 437 1424 Venulejo
450 1351 562 1418 dantur,
581 1347 603 1382 Ν
611 1367 650 1406 ue
663 1351 794 1418 accedat,
808 1349 898 1408 tritici
910 1352 987 1408 mod.
1001 1367 1071 1410 v111.

207 1461 357 1525 praeterea
371 1449 434 1508 H·S
449 1443 567 1506 crn'ern.
607 1447 725 1523 Exque
748 1447 835 1506 facile
855 1453 983 1523 aptaret,
995 1465 1071 1526 quae

207 1562 318 1607 mercer
329 1545 492 1613 decumani,
505 1561 577 1621 quae
590 1545 729 1618 praetoria
737 1547 915 1620 praeducere
926 1547 1069 1606 videatur.

207 1645 291 1706 ceco
305 1645 561 1704 Thermitanorum
581 1642 653 1703 mitri
675 1643 786 1702 litteras
810 1650 841 1703 et
864 1647 1069 1706 testimonium.

206 1761 350 1803 urrunnu
370 1757 649 1812 ununmuauoauu,
669 1761 710 1801 nu
729 1761 953 1804 rasuruoururr.
995 1748 1073 1806 Iura·

207 1846 362 1904 charenaes
369 1843 433 1916 jam
446 1841 526 1899 omni
538 1842 682 1900 frumento
691 1843 866 1916 ablato,jam
875 1845 1007 1904 omnibus
1027 1847 1072 1906 in·-

200 1944 286 2017 juriie
299 1944 355 2000 tuin
369 1941 544 2009 exinanitos,
557 1941 693 1998 tributum
705 1941 811 2010 tacere,
823 1942 941 2002 miseros
955 1962 991 2002 ae
1008 1963 1073 2019 per-

207 2042 293 2108 ditus,
319 2039 458 2112 cciigiati:
479 2042 511 2095 ut
539 2039 672 2111 Apronio
689 2039 792 2098 darent
814 2041 876 2098 H·S
901 2059 946 2100 xx
966 2043 1070 2103 millia.

208 2137 316 2198 Recita
327 2133 518 2194 decretumne
533 2136 655 2205 tributis,
665 2141 696 2193 et
706 2137 853 2211 publicum
863 2141 1070 2202 testinnonium.

208 2251 346 2296 enarras
367 2252 553 2292 consuuntur
567 2251 608 2293 uu
622 2253 757 2296 rnruunu
772 2255 985 2299 couruaeuuo.
999 2253 1071 2300 nua-

206 2353 364 2396 uruoruurr
393 2351 661 2392 rurennuunaruru.
701 2335 863 2404 cunenses,
891 2353 959 2395 cum
982 2341 1072 2400 deen-

206 2431 502 2508 maeveniaaentagri
510 2432 1072 2509 Euneuaiamedimnitmcrncrucraue,

207 2533 340 2607 Apronio
369 2522 466 2590 coacti
491 2536 559 2589 aunt
582 2531 650 2588 dare
673 2531 919 2593 tritici‘modiiim
947 2532 1070 2608 ⁰³xv111,

206 2639 237 2692 et
248 2635 311 2692 H-S
326 2651 363 2690 111
377 2633 478 2691 millia.
520 2633 645 2705 Quaeso,
665 2633 817 2702 attendite,
831 2639 952 2709 quantur
966 2655 1068 2696 nume·

206 2749 252 2791 rua
267 2733 401 2792 frumenti
422 2736 540 2808 cogatur
560 2749 599 2788 ex
618 2729 698 2788 omni
717 2749 786 2808 agro
806 2733 976 2792 decumano.
998 2753 1067 2796 nuru

205 2848 256 2906 per
269 2849 369 2889 omnen
383 2832 529 2898 civitates,
543 2847 616 2904 quae
639 2832 775 2890 decumas
796 2833 913 2902 debent,
927 2835 1069 2907 percurrit

204 2929 296 2988 oratio
316 2946 396 2986 mea:
417 2933 447 2984 et
460 2929 492 2984 in
505 2927 562 2983 hoc
575 2944 681 2999 genere
701 2945 788 2996 nunc,
805 2930 930 3000 Judicea,
956 2950 1067 3003 versor,

204 3027 236 3084 in
246 3045 301 3102 quo
315 3043 373 3083 non
387 3023 555 3098 singiliatim
574 3027 698 3080 aratores
712 3026 821 3082 eversis
834 3025 917 3084 bunia
931 3031 1067 3091 omnibur‘

204 3131 279 3194 runt,
293 3126 345 3182 aed
358 3123 473 3198 publice
487 3121 654 3180 decumanis
675 3124 754 3180 lucra
767 3124 835 3181 data
858 3131 933 3194 aunt,
957 3133 989 3186 ut
1013 3131 1066 3188 ali·

233 3286 254 3320 ⁹¹
269 3301 314 3334 vru
329 3283 397 3346 mut]
428 3283 465 3330 Sin
474 3282 521 3330 Ms.
531 3281 713 3332 Nanniiutmou.

232 3365 256 3400 ⁹²
269 3381 298 3413 m
307 3363 400 3424 aecem]
416 3361 457 3410 int
468 3361 496 3408 ad
507 3375 530 3408 ee
540 3368 563 3408 et
572 3363 600 3408 ad
611 3363 841 3423 dccumaaexigendaa.

232 3446 255 3480 ⁹³
265 3461 331 3492 urvrn
342 3447 382 3506 nu]
414 3441 450 3490 Sic
459 3457 473 3488 e
482 3442 530 3490 Ma.
540 3442 632 3504 antiquo
641 3447 701 3490 recte
712 3442 820 3491 Graevius
830 3443 916 3506 recepit
924 3459 965 3506 pro
976 3460 1076 3496 amn·-

204 3506 365 3552 m.uan1haec
381 3517 464 3550 summa
473 3503 592 3562 respondet
599 3502 669 3551 tribua
678 3503 776 3552 millibus
791 3503 934 3554 medimnum.
963 3505 1066 3558 Meuiu—

203 3577 257 3612 num
265 3563 328 3611 eninr
337 3568 372 3612 eet
380 3575 421 3623 par
429 3575 467 3610 aex
480 3560 566 3608 modiia
