2428 4212
206 318 270 378 aad
550 311 741 363 ravaannu

206 462 283 522 disse
293 479 325 520 se
338 459 468 534 diceret;
488 480 555 522 curn
568 479 678 530 omnes,
692 466 724 519 nt
737 477 798 519 mos
812 464 866 528 est,
875 464 908 516 ut
920 459 997 516 solet
1007 455 1079 524 lieri,

205 565 419 629 concurrerent,
436 559 614 637 quaererent,
627 561 727 621 videre
747 563 897 636 cuperant.
938 555 1017 630 Quid
1031 572 1077 613 ac·

206 659 287 730 cidit,
299 676 351 718 cur
363 664 513 733 tantopere
531 661 586 718 iste
600 661 685 716 bomo
697 660 899 726 occultaretur,
911 661 944 713 ut
957 673 1023 712 eum
1038 671 1076 710 ne

193 756 276 819 &aaa
299 759 416 835 quidem
438 759 586 834 quisquam
606 757 754 832 adspicere
767 753 887 830 posset?
904 754 1076 812 ⁸⁵Homines

206 856 343 917 maritimi
358 859 520 931 Syracusis,
534 858 582 933 qni
595 875 682 932 saepe
705 856 789 914 istius
811 855 893 913 ducis
908 873 1009 912 nomen
1023 871 1074 910 au-

207 937 328 1024 dissent,
337 973 403 1014 curn
417 974 483 1014 curn
496 973 583 1030 saepe
604 955 777 1024 timuissent,
791 972 859 1011 cum
872 955 933 1028 ejus
945 952 1077 1010 cruciatu

206 1059 292 1128 atque
305 1054 447 1128 supplicio
460 1072 579 1129 parcere
592 1057 702 1123 oculos,
715 1053 897 1129 animumque
908 1056 1074 1110 exsaturare

206 1154 334 1213 vellent:
354 1157 483 1227 potestas
504 1153 687 1227 adspiciendi
697 1153 808 1212 nemini
832 1153 908 1210 tacta
918 1156 972 1209 est.
990 1152 1076 1208 Unus

205 1253 300 1325 plnres
327 1252 505 1325 praedonum
538 1255 627 1310 duces
654 1251 739 1312 vivos
761 1251 841 1326 cepit
865 1253 899 1309 P.
923 1250 1075 1318 Servilius,

207 1367 293 1424 quam
311 1367 414 1409 omnes
437 1356 534 1410 antea.
556 1351 715 1427 Ecquando
728 1351 814 1426 igitur
826 1350 883 1407 isto
895 1348 989 1407 fructu
1004 1348 1078 1423 quis·

207 1466 292 1524 quarn
305 1450 408 1517 caruit,
421 1455 453 1507 ut
476 1450 576 1508 videre
600 1451 722 1524 piratam
745 1454 862 1523 captum
880 1466 939 1506 non
953 1443 1077 1504 liceret?

208 1547 251 1603 At
264 1550 373 1613 contra,
390 1564 566 1622 quacumque
588 1548 645 1607 iter
663 1547 743 1616 lecit,
764 1549 819 1605 hoc
833 1547 1077 1621 jucundissimum

205 1646 404 1718 spectaculum
414 1647 546 1704 omnibus
560 1645 725 1704 vinctorum
735 1651 940 1721 captorumque
951 1645 1078 1702 hostium

205 1744 372 1816 praebebat
413 1746 515 1821 Itaque
537 1746 565 1803 ei
587 1762 742 1803 concursus
759 1745 885 1820 undique
907 1745 1028 1810 fiebant,
1048 1748 1079 1800 ut

206 1859 267 1900 non
280 1844 367 1900 modo
390 1863 429 1902 ex
450 1845 495 1902 his
511 1845 634 1919 oppidis,
648 1862 704 1920 qua
715 1845 901 1912 ducebantur,
915 1844 966 1900 sed
988 1841 1077 1900 etiam

208 1959 245 1998 ex
266 1941 404 2010 linitimis,
418 1943 533 2000 visendi
546 1960 642 2011 causa,
656 1943 857 2000 convenirent.
899 1943 967 2016 lpse
981 1945 1077 1998 autem

206 2038 364 2110 triumphus
379 2042 563 2112 quamobrem
584 2041 713 2098 omnium
732 2041 939 2115 triumphorum
953 2037 1078 2114 gratissi·

206 2153 268 2193 mus
283 2138 389 2214 populo
407 2136 542 2194 Romano
563 2137 617 2196 luit
636 2133 722 2213 atque
739 2135 990 2212 jucundissimus?
1010 2138 1079 2213 quia

206 2233 280 2292 nihil
294 2240 339 2292 est
352 2235 478 2293 victoria
498 2237 620 2296 dulcius.
641 2239 753 2296 nullum
776 2243 820 2294 est
840 2243 937 2296 nutem
952 2236 1081 2294 testimo

206 2333 288 2393 nium
307 2334 450 2392 victoriae
474 2335 589 2404 certius,
603 2353 697 2410 quam,
721 2354 798 2414 qnos
815 2353 902 2409 saepe
930 2336 1078 2403 metueris,

208 2437 301 2490 coste
321 2434 438 2490 vinctos
460 2435 496 2489 ad
520 2434 693 2507 supplicium
716 2416 786 2492 duci
808 2435 917 2492 videre.
960 2435 1028 2491 Hoc
1047 2440 1079 2492 tu

207 2533 391 2604 quamobrem
413 2548 471 2588 non
491 2531 610 2590 iecisti?
630 2535 813 2606 quamobrem
835 2533 878 2590 ita
902 2533 959 2589 iste
985 2533 1081 2606 pirata

129 2700 132 2706 Ι
207 2630 317 2687 celatus
341 2634 393 2698 est,
407 2629 488 2704 quasi
502 2648 568 2687 eum
581 2627 730 2704 adspicere
744 2631 823 2688 netas
846 2629 944 2689 esset?
964 2649 1082 2705 quamo-

114 2785 119 2793 ,
207 2729 288 2787 brem
302 2730 475 2802 supplicium
498 2748 557 2787 non
579 2727 727 2788 sumsisti?
747 2747 833 2803 quam
846 2732 884 2787 ob
898 2747 1019 2786 cansam
1034 2732 1083 2786 tro-

208 2827 316 2884 minem
331 2826 507 2884 reservasti?
536 2846 656 2903 ecquem
680 2829 785 2885 audisti
807 2829 837 2886 in
865 2829 970 2886 Sicilia
993 2835 1083 2886 antea

209 2928 326 2995 captum
339 2925 551 2996 archipiratam,
574 2927 622 3000 qni
647 2946 704 2984 non
726 2928 820 2985 securi
845 2944 996 3001 percussus
1017 2925 1085 2986 sit?

208 3036 297 3077 unum
320 3022 394 3077 cedo
416 3027 562 3079 auctorem
584 3024 625 3080 tui
648 3024 734 3083 laeti:
756 3027 839 3083 nnius
863 3027 959 3099 proter
983 3043 1084 3083 exem·

209 3120 297 3193 plum.
339 3119 451 3176 Vivum
472 3124 503 3176 tu
528 3121 731 3195 archipiratam
752 3128 898 3194 servabas,
920 3143 1007 3200 quem
1032 3143 1087 3198 per

209 3220 391 3294 triumphum,
404 3220 500 3287 credo,
525 3239 609 3296 quem
631 3228 700 3279 ante
716 3240 829 3281 currum
848 3229 929 3280 tuum
949 3225 1086 3281 duceres.

210 3316 313 3391 Neque
340 3319 421 3377 enirn
447 3311 601 3394 quidquam
622 3326 684 3377 erat
701 3320 765 3395 jam
788 3321 938 3396 reliquum,
962 3323 1023 3379 nisi
1040 3325 1085 3390 ut,

238 3467 380 3515 ”uanam
388 3471 498 3518 maarai
507 3472 639 3535 Syracusis]
670 3474 706 3524 Sic
720 3491 761 3536 pro
776 3475 909 3524 Maasertirsa'
941 3475 992 3522 rimi
1008 3475 1085 3545 capite

208 3532 319 3598 sequeme,
331 3525 368 3571 ubi
378 3529 439 3577 clare
447 3531 557 3578 auritimi
572 3534 669 3580 lomim
679 3540 736 3591 sunt,
747 3535 803 3580 bene
820 3535 911 3583 edidere
945 3549 1046 3593 ervagrus
1056 3537 1088 3578 et

206 3586 334 3654 Vrctarius.¹
343 3584 430 3654 sic·Ms.
446 3587 520 3635 duell.
531 3589 605 3639 habet.
617 3600 757 3654 opponantur
766 3594 939 3653 marmanda,
957 3593 995 3655 qui
1010 3594 1061 3640 sant
1069 3605 1086 3636 s

206 3643 270 3692 rebar
279 3646 396 3691 marrtrmu
405 3645 479 3694 alieni.
