2460 4200
239 295 282 358 44
568 286 604 344 nr
617 289 761 346 VERREM

185 445 228 508 32
278 437 395 498 Etenim
421 437 561 515 deinceps
588 442 747 511 rideamus,
775 439 958 502 Herbitensis
983 439 1102 512 civitae·

237 539 368 606 honeste,
381 543 412 596 et
425 547 511 599 antea
524 541 650 614 copiosa,
663 543 901 616 quemadmodum
921 543 1043 616 spoliate
1061 543 1098 600 ab

236 636 294 694 isto
307 655 342 694 ac
353 645 460 696 vexata
474 641 520 698 sit.
556 642 598 696 At
606 657 724 714 quorum
735 638 906 698 bominum?
925 656 1099 698 summorum

236 741 388 805 aratorum,
401 738 651 796 remotissimorum
665 755 682 794 a
701 738 771 805 toro,
783 737 912 810 judiciis,
933 745 1100 795 controver-

236 831 303 890 siis:
324 833 424 911 quibus
440 853 556 908 parcere
569 841 600 890 et
613 838 772 902 consulere,
791 837 877 892 homo
896 834 1100 908 impurissime,

235 937 267 990 et
279 934 354 1007 quod
373 951 464 1006 genus
486 932 633 990 hominum
653 933 840 993 studiossime
856 949 1029 1000 conservare
1050 934 1100 989 de·
1125 913 1129 922 ⁸

234 1029 331 1088 buisti.
372 1030 469 1088 Primo
489 1048 566 1087 enno
580 1031 734 1089 venierunt
746 1033 808 1106 ejus
821 1031 881 1104 agri
895 1031 1035 1087 decumae
1049 1029 1098 1088 tri·

235 1126 287 1183 tici
301 1126 476 1186 medimntim
492 1147 580 1186 xvur.
623 1129 749 1198 Atidius,
764 1129 847 1186 istius
870 1129 941 1187 item
962 1128 1097 1201 'minister

233 1221 265 1280 in
278 1226 415 1291 decumis,
428 1244 496 1283 cnm
506 1227 632 1294 emisset,
646 1233 676 1284 et
689 1227 827 1300 praetecti
840 1227 954 1284 nornine
968 1243 1035 1284 cum
1049 1243 1098 1288 vc·⁴

233 1322 324 1386 nisset
339 1325 489 1382 Herbitam
502 1343 569 1382 cum
589 1325 736 1392 Veneriis,
757 1327 893 1398 locusque
918 1324 947 1382 ei
970 1323 1097 1397 publice,

233 1438 289 1496 quo
301 1422 506 1490 deverteretur,
514 1425 597 1478 datus
611 1430 686 1478 esset
698 1444 704 1477 ι
719 1429 858 1494 coguntur
870 1422 1057 1480 Herbitenses
1067 1421 1098 1480 ei

232 1519 306 1575 lucri
329 1522 396 1576 dare
421 1519 510 1575 tritici
530 1516 707 1596 medimnirrn
728 1536 936 1586 xxxv11‚cum
957 1521 1097 1578 decumae

233 1616 383 1674 venissent
396 1616 485 1673 tritici
498 1613 674 1672 medimntim
688 1634 777 1672 xvus.
802 1619 897 1692 Atque
911 1619 968 1674 hoc
982 1623 1094 1678 tantum

232 1712 358 1772 triticum
367 1713 439 1770 tucri
451 1719 591 1788 coguntur
605 1715 672 1770 dare
681 1713 805 1786 publice,
815 1714 947 1788 cumjam
960 1715 1096 1788 privatim

232 1820 358 1869 aratores
366 1829 404 1868 es
413 1811 617 1886 agris‚spotiati
627 1816 712 1886 atque
721 1812 861 1886 exagitati
871 1815 1096 1873 decumanomm

231 1909 354 1984 injuriis,
378 1911 577 1984 profugissent.
626 1911 716 1994 Anno
739 1913 867 1968 secundo
888 1929 954 1970 cum
978 1914 1098 1996 emisset

233 2009 380 2080 Apronius
394 2010 528 2065 decumas
541 2007 630 2064 tritici
644 2007 821 2066 medimniim
835 2028 899 2068 xxv
914 2011 1051 2080 millibus,
1062 2010 1095 2070 et

230 2105 294 2180 ipse
317 2107 466 2164 Herbitam
486 2124 553 2163 cum
573 2107 625 2164 itta
647 2109 821 2182 praedonum
838 2109 929 2182 ,copia
950 2127 1093 2193 mqnuque

231 2204 381 2262 venisset:
403 2207 521 2278 populus
543 2205 658 2278 publice
682 2212 798 2276 coactus
819 2213 862 2266 est
885 2207 912 2264 ei
932 2206 1093 2266 ⁶3conterre

230 2303 303 2361 tucri
327 2304 415 2362 tritici
439 2302 616 2361 medimndm
640 2323 726 2373 xxm,
752 2309 782 2362 et
805 2306 1001 2364 accessionem
1026 2307 1090 2364 HS

230 2418 337 2460 croeso.
379 2404 425 2459 De
445 2403 612 2460 accessione
632 2402 741 2471 dubito,
754 2421 792 2460 an
806 2404 936 2476 Apronio
952 2404 1008 2476 ipsi
1022 2405 1090 2464 deta

229 2500 276 2568 sit,
285 2519 394 2560 merces
404 2519 518 2575 operae,
528 2502 705 2576 pretiumque
716 2502 919 2575 impudentiae.
934 2503 988 2560 *De
1000 2501 1090 2560 tritici

228 2601 343 2676 quidem
363 2617 481 2658 numero
503 2605 592 2669 tanto,
606 2600 668 2676 quis
694 2606 788 2673 potest
810 2601 948 2669 dubitare,
961 2600 1030 2674 quin
1051 2599 1089 2660 sd

227 2700 315 2758 istum
327 2703 500 2774 praedonem
513 2700 736 2767 frumentarium,
750 2699 825 2756 sicut
836 2700 1018 2774 Agyrinense
1033 2699 1087 2756 t'ru·

227 2805 364 2866 mentum,
379 2797 565 2873 pervenerit?
600 2799 689 2858 Anno
703 2816 773 2857 vero
786 2797 871 2856 tertio
890 2797 921 2854 in
941 2799 997 2854 boc
1018 2812 1087 2870 egro

173 2896 217 2954 33
228 2897 434 2952 consuetudine
448 2914 513 2952 usus
533 2899 577 2950 cst
598 2896 686 2966 regia.
728 2897 838 2973 Sqtere,
851 2894 940 2966 ajunt,
953 2897 1086 2954 barbaros

226 3010 309 3065 reges
326 2990 347 3022 ⁶⁴
359 2992 509 3048 Persarum
524 3007 559 3046 ac
575 2971 723 3066 ¹Syrorum,
739 2993 833 3062 plures
847 3007 948 3046 uxores
962 2992 1087 3051 habere:

217 3090 271 3150 bis
294 3093 389 3146 autem
410 3088 546 3145 uxoribus
568 3086 705 3144 civitates
726 3087 962 3155 attribueretur
984 3091 1086 3150 modos

253 3243 278 3276 ⁶³
292 3246 390 3302 conferre
399 3241 459 3288 lueri
468 3240 539 3287 trt'tr'rt'
547 3239 588 3300 aa]
615 3241 639 3287 tn
649 3240 691 3288 hoc
701 3242 750 3289 loco
759 3241 813 3289 mihi
822 3241 882 3290 turri
891 3241 964 3290 durius
974 3247 1015 3298 est.
1025 3243 1087 3292 vide·

225 3306 304 3362 turque
313 3301 427 3349 commode
436 3300 511 3347 siesse
521 3307 544 3346 et
554 3299 647 3358 intelligi
662 3315 732 3361 posse.
764 3301 824 3347 Nam
840 3304 869 3348 de
884 3302 945 3350 lucro
964 3317 1087 3352 sermonem

225 3375 279 3416 esse,
289 3376 328 3407 sua
337 3365 415 3423 sponte
424 3374 437 3406 e
447 3358 593 3420 superioribus
603 3364 664 3419 patet
674 3380 678 3406 :
695 3365 718 3407 st
728 3359 779 3406 inde
789 3360 875 3407 videtur
885 3361 1009 3422 repertum.

253 3439 275 3470 ⁶⁴
290 3438 445 3509 t’errururrsuc
452 3437 589 3542 symrqmq
599 3438 672 3496 Reges
679 3439 872 3508 §pdnequonrodo
881 3440 970 3509 barbari
977 3439 1085 3500 dicuntur,

198 3509 203 3522 ’
223 3512 274 3567 cum
283 3495 484 3565 saturandae
501 3512 553 3568 quis
573 3511 648 3566 'ereas
666 3497 728 3566 diruta
745 3511 789 3544 non
804 3497 905 3557 Pesticos,
922 3506 990 3546 ettam
1000 3503 1088 3548 veteres

219 3559 302 3614 ornae
311 3570 373 3616 repes
383 3559 434 3604 sunt
441 3555 587 3616 mtelhgendr,
597 3555 635 3602 vet
644 3555 751 3613 Asmrni
