2428 4212
225 325 291 390 aad
560 321 754 374 nrvnmnrn

224 470 376 534 sudreiam
397 475 496 546 posset
518 489 582 530 esse
592 492 606 528 r·
620 471 652 530 iu
672 487 730 545 que
750 475 781 528 tu
803 471 833 526 te
856 465 899 526 ita
911 465 1038 542 gessisti,
1052 471 1100 538 ut,

224 585 291 630 eum
313 571 446 630 omuibus
469 577 586 630 teneare
610 573 703 637 rebus,
717 570 755 626 ad
780 570 888 626 beilum
905 567 1102 641 lugitivorum

223 667 383 744 eonlugias.
423 670 471 730 Ex
482 687 539 746 quo
546 671 609 744 jem
622 667 772 742 intelligis,
786 683 846 724 non
865 667 951 724 modo
964 666 1019 726 tibi
1033 667 1102 723 uul-

223 767 282 826 lam
294 769 502 837 defensionem,
516 771 567 826 sed
581 767 738 827 maximam
758 767 821 824 vim
834 765 987 822 eriminum
1010 781 1103 822 exor-

223 869 302 924 tem:
338 867 395 926 nisi
416 868 488 925 sorte
514 867 612 926 ltalioi
637 866 708 923 belli
734 865 922 939 lugitivorum
947 863 1101 936 reliquias,

223 970 309 1040 etque
331 966 402 1024 illud
431 967 610 1024 Temsanum
638 965 853 1022 ineommodum
878 963 1021 1036 proferesr
1052 962 1100 1019 ad

222 1066 298 1138 quod
326 1082 427 1122 reeens
448 1083 515 1124 eum
531 1071 559 1122 te
573 1069 784 1138 peropportune
798 1063 911 1120 fortune
933 1061 1098 1129 obtulisset,

222 1161 328 1236 siquid
339 1163 370 1220 in
382 1167 411 1220 te
426 1164 540 1222 virtutis
553 1168 639 1238 utque
653 1163 810 1221 industriae
821 1163 931 1229 suisset,
940 1161 1028 1226 idem,
1041 1159 1100 1233 qui*

172 1261 210 1321 16
222 1278 336 1334 semper
356 1262 460 1332 lueres,
481 1263 619 1321 inventus
633 1281 674 1320 es.
715 1261 737 1295 ⁴⁷
745 1263 819 1322 Cum
832 1263 870 1318 ed
888 1265 918 1318 te
937 1258 1096 1316 Valentini

221 1361 382 1431 venissent,
396 1369 427 1420 et
441 1380 491 1437 pro
507 1364 552 1420 his
567 1364 653 1420 homo
667 1363 788 1420 disertus
798 1366 829 1419 et
840 1360 957 1427 nobilis,
972 1359 1014 1416 M.
1029 1357 1094 1416 Mo·

220 1459 288 1528 rius,
303 1464 474 1536 loqueretur,
487 1469 519 1519 ut
532 1462 681 1535 negotium
694 1462 862 1534 susciperes,
871 1464 912 1527 ut,
922 1475 989 1516 eum
1000 1473 1090 1530 penes

218 1562 249 1616 te
263 1561 436 1631 praetorium
449 1561 644 1633 imperiumne
658 1579 765 1620 nomen
777 1565 862 1627 esset,
876 1561 913 1616 ad
934 1559 1016 1615 illem
1029 1575 1089 1630 par·

217 1672 287 1714 vam
303 1673 420 1718 manum
437 1660 690 1733 exstinguendam,
702 1662 807 1718 ducem
826 1667 855 1716 te
868 1657 1086 1732 principemque

217 1758 388 1830 praeberes:
409 1775 468 1817 non
489 1760 576 1816 modo
596 1759 627 1817 id
651 1759 789 1834 refugisti,
803 1760 854 1816 sed
873 1775 910 1814 eo
930 1757 995 1830 ipso
1016 1761 1087 1812 tem·

216 1872 296 1930 pore,
310 1875 376 1914 eum
390 1875 467 1914 esses
481 1857 513 1915 in
527 1858 620 1925 litore,
635 1858 739 1915 Tertia
752 1859 804 1915 illa
817 1863 877 1924 tua,
890 1873 976 1932 quam
989 1860 1085 1911 tecum

217 1955 403 2029 deponebas,
425 1956 537 2014 eratin
557 1956 685 2013 omnium
707 1961 884 2029 conspeetu:
904 1955 975 2027 ipsis
988 1959 1084 2010 autem

216 2046 394 2118 Valentinis,
409 2071 447 2110 ex
462 2060 521 2110 tam
535 2054 640 2110 illustri
653 2055 801 2127 nobilique
815 2052 982 2126 municipio,
995 2051 1082 2108 tentis

213 2151 250 2208 de
264 2151 348 2206 rebus
373 2165 540 2222 responsum
564 2151 675 2208 nullum
698 2151 817 2219 dedisti,
831 2167 898 2208 oum
923 2167 1001 2207 esses
1015 2167 1082 2207 cum

212 2247 312 2306 tunice
335 2250 413 2321 pulle
437 2253 468 2306 et
488 2248 587 2320 pallio.
628 2248 708 2320 Quid
720 2251 798 2308 hune
811 2247 1081 2322 ”prolieisoentem

212 2347 280 2423 quid
301 2347 333 2404 in
356 2347 420 2420 ipse
444 2346 599 2420 provincia·
619 2346 723 2404 leeisse
745 2347 930 2416 existimatis,
943 2348 992 2422 qui
1012 2363 1079 2405 eum

183 2475 186 2480 ·
203 2445 269 2520 jam
283 2464 322 2503 ex
335 2444 497 2518 providem,
507 2462 568 2503 nou
579 2446 617 2502 ad
631 2445 814 2520 triumphum,
824 2447 876 2504 sed
889 2444 1080 2519 adjudicium
1193 2507 1194 2534 1

210 2545 374 2610 decederet,
399 2559 436 2600 ne
457 2543 539 2600 illam
563 2543 680 2618 quidem
699 2543 848 2604 infamiam
868 2545 983 2620 sugerit,
995 2559 1081 2620 quem

209 2641 273 2700 sine
297 2644 357 2700 ullu
371 2641 521 2714 voluptate
546 2639 704 2715 oepiebet?
724 2644 751 2700 0
772 2643 876 2701 divina
896 2649 1014 2700 senatus
1028 2643 1080 2699 ire·
1192 2695 1193 2700 ,

209 2741 323 2816 quentis
347 2741 379 2799 in
406 2741 478 2798 sede
506 2741 647 2797 Bellonae
669 2741 914 2799 admurmuratio!
936 2739 1080 2805 Memoria

208 2839 324 2908 tenetis,
333 2840 460 2913 judiees,
473 2855 541 2896 oum
564 2841 829 2913 advesperasceret,
843 2845 875 2897 et
895 2840 993 2914 paullo
1010 2843 1078 2897 ante

208 2942 285 2994 esset
305 2939 342 2993 de
367 2937 423 2993 hoo
447 2937 598 2994 Temseno
620 2938 804 2996 incommodo
824 2937 997 3005 nuntiatum,
1012 2954 1078 2996 eum

207 3033 387 3091 inveniretur
401 3049 495 3099 nemo,
510 3034 558 3106 qui
577 3035 609 3090 in
622 3037 674 3093 ills
696 3038 761 3094 loeo
785 3055 851 3095 oum
873 3036 996 3110 imperio
1014 3036 1078 3094 mit·

209 3137 325 3200 teretur,
340 3129 359 3164 ¹⁹
369 3130 479 3190 dixisse
493 3123 647 3206 quendam
662 3135 789 3194 Verrem
802 3154 867 3194 esse
881 3152 941 3193 non
959 3137 1078 3210 longer

217 3274 220 3282 Α
234 3287 257 3320 ⁴⁷
267 3287 390 3334 Cumodte
401 3285 640 3347 valentianensem]
658 3286 698 3334 int.
710 3290 805 3348 trajecto
813 3289 872 3336 neto
880 3289 903 3338 in
911 3288 1018 3336 Siciliam.
1026 3301 1078 3334 uem
1189 3315 1190 3322 κ

202 3344 251 3448 2η
260 3346 333 3390 adhuc
341 3347 363 3392 in
372 3347 440 3394 litore
448 3347 535 3415 Sicilire
545 3351 594 3392 erat
603 3366 607 3392 :
619 3349 677 3408 quod
685 3348 739 3394 litus
746 3349 914 3418 intelligendum
921 3362 977 3403 esse,
986 3345 1078 3393 ενα-1»

202 3407 316 3508 mmmm
323 3411 393 3462 patet
424 3407 477 3453 Nou
487 3406 641 3452 animadverso
650 3407 699 3463 hoe,
709 3407 817 3467 praetulit
825 3407 934 3454 Graevius
944 3407 1075 3463 deportarat.

202 3612 221 3644 ο,
230 3532 439 3644 affixam]
456 3556 535 3605 ”imie
543 3542 572 3588 ab
581 3543 635 3589 urbe
645 3543 726 3591 Rome.
733 3543 823 3607 respicit
829 3545 858 3592 ed
867 3543 899 3602 id,
908 3543 968 3606 qnod
977 3540 1079 3590 narravit

227 3669 473 3740 watonem]
492 3680 829 3743 Hoeverumerseoonpotest=
847 3679 987 3730 turbateuiru
997 3677 1080 3728 serien
