2428 4212
359 305 430 355 scr.
447 303 477 354 n.
493 303 591 354 nrsnn
605 303 757 359 cunnus.
927 313 992 374 259

123 451 326 512 defensionm
347 454 455 513 firmius
475 455 536 513 iore
559 457 677 528 putasti,
698 456 731 534 in
743 455 865 531 indicio,
886 459 993 513 oosctu

123 555 214 624 etque
241 553 398 630 efflagitatu
425 569 499 620 meo,
523 555 680 626 producere
707 555 882 629 sd‘ignotos
909 559 994 612 tnnto

120 653 189 723 post
222 669 298 720 enm,
331 669 418 727 quern
449 653 654 727 archipiratam
687 671 751 710 esse
784 654 916 711 diceros:
953 670 993 710 su

122 749 290 818 mentire,
306 751 467 824 Syracusis,
482 754 560 826 spud
573 757 666 821 notos,
685 753 869 828 inspectante
889 753 993 810 Siciiin

121 863 218 919 paene
232 853 302 916 totu,
321 851 416 908 securi
429 849 538 908 ferire?
556 851 646 920 Vide,
666 852 735 927 quid
755 851 878 920 intersit,
897 857 993 908 utinm

119 944 287 1004 leniendum
315 949 410 1005 inerit.
466 950 502 1006 ln
528 949 578 1006 iiio
606 951 791 1024 reprehensio
825 952 905 1008 nulls
928 967 995 1007 esse

120 1044 233 1116 potnit:
255 1045 305 1102 hic
325 1046 457 1104 defensio
474 1049 555 1105 nulls
572 1053 625 1106 est.
666 1051 768 1125 ltaque
788 1050 860 1106 illud
879 1065 996 1122 semper

120 1157 226 1198 omncs
248 1143 395 1201 iecerunt:
417 1147 472 1202 hoc
496 1145 559 1220 quis
581 1152 649 1204 unte
676 1153 714 1217 te,
741 1149 804 1222 quis
824 1155 939 1222 praeter
962 1152 992 1203 te

119 1239 237 1308 iecerit,
262 1259 376 1317 quaero.
431 1243 560 1302 Piratnm
586 1245 687 1302 vivum
715 1245 841 1304 tenuisti.
897 1248 1003 1318 Quem·

114 1339 155 1396 od
178 1339 294 1399 finem?
321 1343 389 1400 dum
413 1361 480 1402 cum
511 1344 634 1417 imperio
667 1345 754 1402 inisti.
782 1340 994 1418 quemobrem?

118 1455 208 1512 quam
230 1441 269 1496 ob
289 1441 430 1501 censam?
450 1461 507 1518 quo
530 1441 686 1517 exemplo?
706 1460 757 1500 cur
783 1439 913 1499 tamdiu?
932 1459 993 1508 cur,

114 1538 250 1614 inquam.
279 1541 395 1600 civibus
420 1542 570 1610 Romanis,
601 1560 671 1618 quos
699 1541 808 1616 piratae
843 1545 992 1614 ceperant,

116 1639 218 1695 securi
242 1641 340 1699 statim
368 1642 519 1714 percussis,
546 1643 617 1715 ipsis
642 1641 743 1715 piratis
769 1640 843 1698 lucis
877 1657 992 1697 usurum

115 1741 180 1794 tsm
203 1737 369 1797 diuturnam
389 1739 519 1797 dedisti?
539 1742 651 1797 Verum
673 1744 753 1796 esto:
780 1739 818 1796 sit
841 1739 896 1796 tibi
919 1740 991 1796 illud

113 1835 246 1894 liberum
278 1856 365 1896 omne
397 1843 521 1913 tempus,
548 1839 622 1912 qnod
654 1851 722 1895 cum
747 1838 870 1910 imperio
901 1837 990 1895 inisti.

114 1936 254 1994 etiamne
283 1934 436 2011 privatus?
465 1936 593 1993 etiamne
623 1933 709 1994 reus?
737 1936 864 1993 etiamne
897 1953 992 2010 paene

111 2040 284 2103 damnatus,
298 2036 422 2094 hostium
436 2036 525 2093 duces
545 2035 660 2109 privsts
672 2035 704 2092 in
724 2036 811 2093 domo
825 2033 995 2093 retinuisti?

111 2153 220 2204 unum,
234 2137 356 2193 alterum
376 2151 514 2202 mensem,
532 2151 621 2209 prope
638 2151 748 2192 annum
760 2133 896 2209 denique,
914 2135 993 2193 domi

111 2242 187 2294 tnnc
210 2236 333 2308 piratae,
353 2251 372 2291 e
394 2253 451 2308 quo
475 2241 603 2308 tempore
624 2235 704 2308 capti
727 2241 803 2301 sunt,
824 2237 918 2309 quond
942 2253 994 2309 per

108 2353 162 2396 me
197 2335 315 2391 licitum
341 2337 395 2401 est
417 2333 547 2391 inerunt:
579 2333 636 2390 hoc
662 2339 716 2400 est,
743 2335 837 2408 quosd
858 2351 910 2406 per
938 2333 990 2390 Μ’.

111 2433 256 2493 Acilium
285 2431 474 2490 Glabrionem
507 2431 620 2490 licitum
644 2438 706 2490 cst:
734 2432 792 2507 qni,
825 2434 994 2506 postulante

110 2549 174 2600 me,
212 2531 333 2606 produci
360 2536 444 2606 sique
471 2530 503 2588 in
530 2547 678 2590 carcerem
704 2533 793 2589 condi
825 2531 988 2605 imperarit.

112 2634 209 2706 Quod
231 2636 275 2690 est
298 2632 417 2705 hujusce
440 2629 483 2687 rei
500 2629 571 2704 jus?
591 2648 664 2706 quse
687 2629 886 2710 consuetudo?
914 2631 1042 2704 quondo

110 2728 310 2804 exemptum?
331 2731 454 2788 Hostem
474 2730 644 2787 acerrimum
667 2735 751 2804 etque
773 2729 991 2787 infestissimum

109 2830 221 2906 populi
243 2829 379 2896 Romani,
400 2847 452 2885 seu
470 2828 564 2901 potius
586 2843 768 2886 communem
786 2829 899 2886 hostem
923 2847 991 2903 gen·

108 2931 194 2990 tium
215 2928 421 3002 nationumque
443 2927 580 2996 omnium,
604 2928 753 3002 qnisquam
772 2927 900 2984 omnium
919 2946 991 2987 mor·

108 3031 225 3089 tsiium
259 3028 388 3102 privatus
412 3028 488 3085 intm
517 3027 632 3086 moenis
664 3027 742 3086 domi
769 3044 838 3085 snae
865 3029 990 3085 retinere

106 3121 357 3205 poteritiQuid,
380 3127 406 3185 si
429 3127 531 3200 pridie,
554 3144 671 3204 quems
694 3145 741 3186 me
763 3131 932 3184 incoactus
958 3145 993 3184 es

108 3226 262 3294 confiteri,
285 3226 400 3286 civibus
419 3227 559 3284 Romanis
583 3227 677 3283 securi
700 3225 851 3298 percussis,
873 3225 989 3298 prnedo-

107 3343 192 3384 num
213 3325 317 3382 ducem
339 3324 451 3393 virere,
474 3324 550 3396 apud
576 3327 607 3380 te
628 3323 772 3380 habitere:
804 3323 839 3390 si,
862 3322 989 3398 inquom,

105 3422 214 3498 pridie
227 3423 314 3480 domo
325 3429 374 3484 tue
387 3423 567 3499 profugisset„
578 3421 604 3478 si
616 3421 741 3496 aliquem
756 3439 873 3480 menum
886 3427 990 3480 contre

103 3522 256 3598 poputum
281 3521 443 3580 Romanum
465 3522 561 3578 iecere
586 3520 734 3596 potuisset,
758 3520 827 3596 quid
850 3519 990 3580 diceres?

106 3620 209 3696 Apud
221 3636 270 3678 me
283 3619 442 3679 habitavit:
463 3637 576 3682 mecum
597 3619 652 3680 init
665 3639 673 3676 ι
693 3637 749 3698 ego
761 3619 845 3680 illum
857 3621 896 3678 sd
907 3619 986 3692 judi·
