2438 4206
222 321 262 385 pp
558 313 753 373 mvnassu‘

221 469 256 532 P.
272 465 446 538 Scandilius,
460 485 548 545 eques
563 469 719 538 Romanus,
740 485 824 544 quem
839 485 894 527 vos
906 483 1008 534 omnes
1027 483 1091 526 uos·

184 586 191 592 ·
221 569 268 636 tis,
303 570 427 627 eandem
458 569 642 643 sponsionem
668 571 705 626 de
732 570 873 628 societate
897 569 978 638 feeit,
1005 585 1088 644 quam

221 666 346 725 Rubrius
375 669 471 726 iacere
501 671 641 726 voluerut.
696 668 816 735 Institit,
847 667 999 741 oppressit,
1031 683 1088 724 non

220 765 348 824 remisit:
362 767 439 825 iacta
450 772 494 824 est
507 766 625 840 sponsio
636 767 699 824 H·S
711 785 731 824 v
742 767 875 824 millium.
887 766 986 840 coepit
999 767 1088 824 Scau·

160 865 307 926 oudinus
321 871 542 940 recuperatores,
561 871 611 923 aut
624 866 756 939 judicem
776 868 929 940 postulare.
971 863 1087 923 Satisne

219 966 305 1024 vobis
324 965 448 1039 praetori
469 965 600 1038 improbo
618 965 790 1022 cnenmdati
812 964 939 1022 cancelli
952 963 1089 1022 videntur

219 1065 251 1123 in
264 1081 315 1122 sua
330 1063 498 1136 provincia3
512 1062 602 1121 immo
615 1064 731 1122 veroin
745 1065 819 1148 sella
831 1079 867 1122 ac
886 1063 1041 1129 tribunali:
1054 1067 1086 1122 ut

218 1167 269 1224 aut
281 1164 318 1220 de
338 1179 391 1220 suo
403 1162 499 1234 capite
515 1161 661 1235 judicium
673 1162 736 1220 fieri
755 1163 880 1236 patiatur
900 1179 1036 1236 praesens
1050 1179 1085 1220 ac

218 1265 332 1332 sedens,
350 1267 400 1320 eut
412 1263 592 1330 confiteatur,
611 1279 643 1320 se
656 1261 789 1322 omnibus
803 1261 925 1334 judiciis
947 1259 1087 1319 convinci

218 1379 341 1422 necesse
354 1359 441 1422 esse?
463 1363 655 1436 sponsioni,
672 1379 706 1418 ur
721 1380 762 1419 se
777 1378 930 1419 sraoums
945 1378 978 1418 su
996 1377 1089 1418 necn-

218 1480 273 1522 urs
288 1479 401 1520 socrum
411 1478 486 1518 nssn
500 1477 612 1518 orons:
626 1459 779 1534 provincia
792 1464 842 1518 tua
855 1464 900 1517 est
909 1460 1019 1517 aedes:
1037 1460 1091 1518 abs

219 1565 249 1619 te
263 1559 408 1633 judicium
421 1560 589 1632 postulatur.
632 1559 710 1631 Quid
729 1556 823 1617 iacis?
845 1558 913 1634 quid
934 1555 1089 1617 decernis?

218 1659 448 1732 Recuperatores
461 1656 535 1714 dicis
545 1661 575 1714 te
584 1657 725 1716 datiuum.
750 1656 864 1717 8⁴Beue
877 1658 955 1732 agis:
970 1656 1088 1715 tametsi

218 1757 268 1834 qui
280 1763 364 1816 erunt
377 1756 467 1815 tentis
479 1756 644 1814 cervicibus
657 1757 881 1831 recuperatores,
899 1756 949 1832 qui
961 1757 1089 1816 audeant

216 1856 250 1916 in
271 1856 433 1932 provincia,
456 1872 523 1914 eum
545 1859 658 1929 praetor
678 1855 763 1925 adsit,
785 1873 846 1913 non
869 1856 963 1913 solum
985 1859 1089 1914 conus

217 1958 399 2020 voluntatem
412 1953 483 2027 ejus,
496 1954 547 2010 sed
561 1954 650 2010 etiam
671 1958 773 2011 contra
793 1955 921 2012 fortunas
929 1951 1089 2028 judicare?

217 2054 330 2111 Vemm
342 2056 415 2109 esto.
429 2051 639 2108 manifestares
657 2055 710 2118 est,
730 2068 798 2108 curu
811 2069 898 2110 nemo
910 2059 998 2122 esset,
1018 2053 1090 2130 quin

217 2151 275 2210 hoc
298 2169 330 2208 se
353 2148 468 2208 audisse
480 2147 592 2223 liquido
616 2147 736 2217 diceret,
750 2150 993 2224 locupletissimus
1014 2153 1091 2228 quis·

217 2269 282 2328 que,
300 2247 477 2308 certissimus
493 2247 577 2305 testis
596 2253 688 2304 esset:
709 2265 795 2306 nemo
815 2255 877 2307 erat
896 2251 1006 2310 Sicilie
1018 2256 1093 2324 tote,

217 2350 267 2426 qui
286 2349 413 2408 nesciret
434 2347 570 2404 decumus
583 2363 648 2404 esse
665 2347 824 2420 praetoris3
845 2365 942 2418 nemo,
964 2349 1091 2425 quinon

218 2447 395 2508 audissetita
409 2445 571 2519 Apronium
581 2444 745 2504 dictitasse:
760 2451 910 2520 praeterea
920 2455 1091 2508 conventus

113 2575 119 2582 ·
217 2549 356 2609 honestus
378 2543 539 2620 Syracusis,
562 2543 645 2601 multi
666 2545 778 2620 equites
799 2546 935 2616 Romani,
957 2535 1015 2606 viri
1035 2549 1095 2624 pri·

217 2645 311 2716 marii,
326 2663 366 2706 ex
383 2661 438 2721 qua
448 2643 534 2717 copia
543 2647 758 2717 recuperatores
772 2645 855 2720 rejici
868 2651 1025 2721 oporteret,
1039 2647 1092 2724 qui

217 2749 303 2809 aliter
309 2745 442 2822 judicare
452 2745 534 2802 nullo
542 2744 629 2801 modo
641 2747 768 2817 possent.
796 2737 797 2740 ’
810 2745 905 2804 Instat
917 2736 1093 2806 Scandilius

217 2863 337 2922 poscere
357 2848 580 2917 recuperatores.
601 2846 663 2900 tum
683 2843 739 2900 iste
757 2844 843 2902 homo
864 2845 1016 2914 innocens,
1038 2847 1093 2922 qui

217 2945 300 3005 iilam
312 2943 507 3016 suspicionem
520 2944 629 3008 levare,
642 2945 727 3016 atque
741 2943 777 2998 ab
791 2960 823 3000 se
837 2961 989 3006 removere
998 2961 1090 3020 eupe-

218 3046 272 3110 ret,
292 3045 505 3114 recuperatores
524 3037 643 3096 dicitse
664 3038 701 3095 de
728 3039 847 3100 cohorte
869 3061 921 3101 sua
944 3044 1094 3104 daturum.

167 3164 207 3223 30
219 3141 277 3200 Pro
289 3137 375 3196 deiim
393 3135 598 3210 hominumque
611 3135 715 3194 fidem!
735 3155 820 3212 mem
833 3159 888 3216 ego
907 3140 1034 3201 accuso?
1055 3143 1094 3201 in

218 3232 1096 3317 quomeumiudustriamacdiligentiamspectarivoloiquid

218 3343 272 3406 est,
287 3338 363 3412 quod
377 3352 432 3413 ego
444 3333 569 3392 dicendo
582 3337 631 3390 eut
644 3335 801 3408 cogitando
811 3339 935 3406 efficere,
946 3344 996 3396 sut
1010 3357 1096 3397 asse·

218 3435 266 3512 qui
274 3430 414 3491 debeam?
428 3437 524 3500 teneo,
534 3437 630 3502 teneo,
639 3432 766 3507 inquam,
776 3434 807 3492 in
819 3437 922 3494 mediis
933 3437 1099 3512 vectigali·

247 3587 270 3621 ³⁴
286 3587 347 3634 Bene
355 3585 421 3656 agia]
452 3583 562 3633 Graevius
573 3585 674 3635 malebat
682 3600 696 3634 s
704 3585 761 3648 (iod.
772 3585 852 3636 Fraus.
869 3590 922 3639 dens
932 3590 972 3639 aia
983 3604 1029 3638 non
1041 3589 1102 3652 pit-

218 3650 260 3695 set
272 3653 325 3696 ante
333 3645 396 3702 dmi,
406 3643 532 3706 putrifacto.
