2438 4206
207 289 248 350 74
460 307 463 314 ι
542 288 577 336 ut
591 287 735 338 VERREM

205 432 330 492 Romani
343 449 395 492 suo
408 423 528 510 quaestui
541 433 749 510 pervertisset?
780 434 880 509 Atque
893 431 955 506 ipse
969 429 1072 490 Metel·

203 536 257 601 lus,
271 532 320 607 qui
341 534 536 609 vectigalibus
559 534 708 610 prospicit,
729 533 778 609 qui
800 531 925 608 reliquos
946 535 1071 590 aratores

202 625 325 714 colligit,
346 633 415 708 quid
436 633 604 710 assequitur,
625 633 683 690 nisi
705 633 771 699 hoc,
793 636 825 688 ut
844 635 937 699 arent,
959 629 1070 704 siquid

202 735 330 804 possunt,
343 732 445 807 quibus
459 738 583 791 aratrum
595 733 699 789 saltem
719 731 836 806 aliquod
856 731 973 786 satelles
987 727 1068 786 istius

203 813 350 904 Apronius
365 832 505 906 reliquum
518 831 604 901 lecit3
625 830 673 905 qui
684 834 781 888 tamen
792 829 824 888 in
836 828 911 903 agris
922 845 973 901 spe
984 833 1068 902 atque

202 929 423 1002 exspectatione
445 930 562 988 Metelli
585 925 806 988 remanserunt?
827 928 907 1001 Quid
919 927 1010 984 ceteri
1025 925 1069 984 Si·

201 1023 281 1084 culi?
301 1027 370 1102 quid
385 1027 435 1085 ille
457 1029 601 1088 maximus
622 1045 756 1088 numerus
780 1031 932 1092 aratorum,
946 1024 995 1100 qui
1009 1041 1068 1082 nou

201 1126 287 1184 modo
300 1144 339 1183 ex
359 1127 435 1202 agris
455 1127 543 1201 ejecti
565 1128 708 1194 suntsed
729 1126 818 1184 etiam
837 1143 878 1182 ex
898 1123 1066 1182 civitatibus

200 1223 269 1292 suis,
283 1243 321 1282 ex
334 1225 495 1300 provincia,
509 1224 633 1301 denique
647 1225 731 1284 bonis
744 1223 920 1297 fortunisque
934 1221 1066 1279 omnibus

200 1324 317 1397 ereptis,
337 1322 545 1400 profugerunt?
575 1342 631 1399 qua
654 1324 766 1381 ratione
790 1321 812 1379 ii
835 1317 1067 1378 revocabuntur?

200 1426 270 1495 quot
292 1427 455 1495 praetorum
477 1421 648 1479 innocentia
667 1421 865 1495 sapientiaque
884 1437 955 1494 opus
968 1423 1022 1488 est,
1035 1424 1068 1476 ut

198 1517 251 1574 illa
264 1524 406 1576 aratorum
416 1519 735 1594 multitudo‘aliquando
748 1519 779 1582 in
793 1519 851 1576 suis
862 1519 937 1594 agris
949 1537 983 1576 ao
994 1518 1068 1576 sedi-

147 1614 187 1671 56
199 1617 251 1674 bus
272 1615 451 1676 collocetur?
472 1619 531 1687 Ac,
544 1637 582 1676 ne
604 1618 759 1686 miremini,
779 1623 890 1676 tantem
911 1617 1067 1676 multitudi-

197 1734 266 1774 nem
279 1716 447 1793 profugisse,
457 1723 594 1793 quantam
605 1736 643 1776 ex
656 1717 759 1776 litteris
771 1717 903 1791 publicis,
914 1721 1067 1774 aratorum·

197 1833 253 1889 que
266 1811 488 1890 professionibus
508 1817 706 1891 cognovistis:
726 1817 841 1885 scitote,
861 1820 972 1873 tantam
989 1832 1068 1872 acer·

197 1913 318 1991 bitatem
329 1913 422 1982 istius,
435 1919 547 1973 tantum
560 1917 655 1972 scelus
669 1915 701 1972 in
711 1920 836 1973 aratores
850 1914 948 1983 luisse,
959 1910 1066 1991 (incre
1123 1914 1126 1926 '

196 2010 285 2068 dibile
298 2013 379 2068 dictu
392 2016 445 2080 est,
453 2012 584 2084 judices:
605 2015 657 2069 sed
670 2018 700 2069 et
717 2014 833 2080 sactum,
844 2018 874 2070 et
885 2018 946 2071 tota
958 2014 1064 2072 Sicilia

196 2111 396 2183 pervulgatum
403 2105 426 2186 ς)
445 2115 479 2168 ut
491 2111 630 2180 homines,
640 2117 756 2185 propter
769 2112 887 2186 injurias
900 2112 1066 2170 licentiam·

197 2226 252 2282 que
279 2209 511 2278 decumanorum,
541 2215 662 2268 mortem
689 2210 745 2268 sibi
771 2211 828 2284 ipsi
855 2211 1065 2270 consciverint.

198 2293 418 2380 Centuripinum
429 2308 575 2378 Dioclem,
589 2310 736 2368 hominem
749 2312 934 2384 locupletem,
947 2329 1066 2384 suspen·

196 2405 273 2462 disse
294 2425 325 2463 se
345 2412 467 2475 constat,
481 2409 599 2482 quodie
612 2409 650 2466 sit
663 2409 692 2464 ei
710 2408 882 2476 nuntiatum,
900 2409 1065 2482 Apronium

196 2507 330 2562 decumas
345 2507 509 2564 redemisse.
551 2505 571 2536 ²³
582 2506 808 2580 Dyrrachinum,
823 2508 945 2580 primurn
959 2507 1066 2564 civila-

196 2603 241 2672 tis‚
263 2606 365 2662 eadem
383 2605 494 2663 ratione
516 2610 638 2664 mortem
658 2605 812 2680 oppetisse,
826 2607 903 2665 dixit
919 2608 994 2680 apud
1009 2623 1073 2680 vos⁴

195 2703 280 2761 homo
290 2703 495 2772 nobilissimus,
507 2705 690 2764 Archonidas
702 2705 848 2773 Elorinus‚
858 2722 925 2762 curn
935 2704 1066 2762 audisset
1132 2767 1134 2774 ,

194 2807 304 2860 tantum
324 2804 516 2860 decumanum
536 2804 694 2876 professum
718 2822 782 2861 esse
803 2823 842 2862 ex
863 2805 961 2861 edicio
979 2803 1066 2861 istius

97 2951 98 2956 ,
193 2899 248 2955 sibi
261 2899 369 2966 deberi,
383 2906 520 2974 quantum
538 2900 590 2958 illc
612 2901 695 2959 bonis
716 2901 774 2960 suis
788 2889 927 2972 ‚omnibus
946 2903 1065 2962 efficere

193 3015 251 3054 non
266 3002 372 3070 posset.

232 3096 316 3152 Haec
330 3100 370 3164 tu,
385 3097 501 3156 tametsi
514 3098 642 3157 omnium
662 3099 812 3160 hominum
824 3101 1067 3166 dissolutissimus

190 3193 458 3271 crudelissimusque
478 3215 591 3271 semper
610 3199 699 3268 luisti,
713 3205 810 3260 tamen
831 3219 986 3276 numquam
1000 3221 1068 3275 per-

190 3296 328 3364 peterere,
347 3293 451 3370 ²⁰quod
464 3295 509 3354 illi
529 3298 655 3371 gemitus
675 3301 824 3375 luctusque
839 3299 1011 3374 provinciae
1025 3303 1071 3360 ad

218 3445 241 3478 ²⁸
255 3445 447 3510 Dyrrachium]
480 3451 568 3498 Excidit
578 3466 658 3500 nomen
676 3452 789 3557 proprium
808 3453 909 3514 hominis,
919 3458 960 3502 aut
969 3453 1070 3502 verbum

187 3509 314 3566 eonuptum
322 3509 368 3552 est:
384 3523 435 3555 nam
445 3509 601 3567 Dyrrachium
609 3517 706 3560 nullum
725 3513 758 3560 uit
766 3512 790 3558 in
800 3512 883 3561 Sicilia.

212 3583 235 3614 ²⁹
248 3584 305 3652 quod
314 3584 351 3630 illi
365 3587 479 3647 gemitus]
514 3587 563 3635 Ms.
575 3589 651 3638 Nanu.
671 3591 865 3652 adsumpserat,
880 3593 940 3654 quod
950 3592 1071 3642 Graevius

181 3654 325 3690 necessarium
335 3645 440 3704 putabat:
457 3659 499 3706 ego
508 3661 552 3694 non
559 3646 620 3694 item.
916 3661 918 3666 “
