2438 4206
385 301 458 351 scr.
475 301 505 352 u.
521 299 780 350 mensuramus.
975 301 1017 360 η

147 463 207 504 non
230 447 333 521 possit.
352 448 467 524 singula
488 449 568 508 enim
589 449 709 506 nomina
730 450 881 512 aratorum,
901 449 1018 502 etcum

150 545 270 622 singulis
291 547 441 622 pactiones
463 550 698 614 decumanorum,
718 546 821 604 litteris
842 543 973 617 persequi
986 547 1018 600 et

152 646 294 703 conticere
315 665 437 704 necesse
461 652 515 704 est.
556 647 664 720 lugere
679 643 798 718 professi
811 647 878 700 suut
891 646 1017 698 aratores
1078 630 1082 638 “

149 743 248 801 omnes
258 743 379 818 irnperio
393 751 479 820 atque
492 743 627 802 instituto
641 749 709 800 tuo:
730 759 789 800 non
807 742 909 815 opinor
921 755 1018 814 quesn·

148 859 232 916 quam
255 843 350 901 minus
374 861 438 900 esse
459 845 627 917 professum,
640 859 736 917 quam,
749 846 888 916 quantum
900 843 1019 906 arasset,

149 957 216 998 cum
230 947 273 999 tot
286 959 397 1008 cruces,
411 947 455 1000 tot
468 943 619 1016 supplicia,
633 947 676 999 tot
700 959 738 998 ex
762 941 882 998 cohorte
902 953 1019 1010 recupe-

148 1043 258 1096 ratores
272 1045 506 1112 proponerentur.
545 1039 556 1072 ⁸
568 1042 603 1096 ln
615 1041 718 1113 jugere
731 1039 793 1113 agri
806 1035 947 1096 Leontini
960 1051 1019 1092 me·

121 1135 126 1143 '
152 1135 283 1193 dimnum
296 1137 356 1193 iere
380 1137 471 1193 tritici
493 1138 603 1204 seritur,
616 1143 753 1210 perpetua
768 1145 853 1211 atque
874 1133 1020 1210 aequabili

153 1233 275 1290 satione.
295 1233 386 1310 “ager
406 1235 495 1292 efficit
518 1251 587 1291 cum
608 1243 723 1302 octavo,
742 1238 817 1292 bene
843 1239 874 1291 ut
899 1238 1019 1308 agature

152 1349 262 1402 verum,
276 1339 307 1390 ut
320 1351 421 1391 omnes
435 1333 476 1390 dii
501 1334 652 1407 adjuvent,
666 1351 734 1392 cum
750 1335 883 1390 decumo.
904 1331 1021 1407 quodsi

149 1433 264 1507 quando
284 1433 405 1501 accidit,
419 1439 479 1490 tum
494 1435 534 1500 fit,
549 1440 581 1490 ut
595 1437 707 1490 tantum
720 1434 860 1490 decumae
874 1431 921 1500 sit,
934 1447 1022 1506 quau·

148 1535 209 1588 tum
223 1532 348 1588 severis:
374 1533 431 1588 hoc
445 1539 500 1600 est,
514 1537 555 1600 ul,
568 1531 657 1607 ⁷quot
671 1531 775 1605 Jugera
790 1535 857 1588 sunt
869 1535 941 1598 sats,
955 1529 1021 1588 toti-

149 1630 217 1686 dem
241 1632 389 1688 medimna
415 1633 555 1687 decumae
578 1631 747 1688 debeantur.
797 1630 863 1686 lloc
890 1645 958 1686 cum
978 1629 1021 1686 ita

153 1723 249 1784 essei:
263 1727 386 1800 primum
397 1728 467 1784 illud
475 1729 553 1795 dico,
561 1727 688 1800 pluribus
702 1727 830 1784 millibus
844 1725 1022 1784 medimniim

151 1826 270 1882 venisse
295 1827 432 1883 decumas
446 1825 508 1900 agri
531 1825 681 1893 Leontini,
695 1843 780 1900 quam
794 1828 864 1898 quot
877 1823 969 1880 millia
976 1826 1022 1897 ju·

150 1939 252 1999 gerum
266 1931 329 1982 sata
343 1931 426 1983 erant
440 1927 470 1983 in
485 1943 553 2000 agro
567 1924 723 1984 Leontino.
765 1925 877 1998 Quodsi
890 1925 953 1984 fieri
963 1943 1021 1984 uon

150 2029 273 2098 poterat,
287 2029 318 2080 ut
332 2027 395 2097 plus
409 2041 493 2099 quam
516 2026 620 2082 decem
637 2023 784 2082 medimna
796 2023 949 2100 exjugero
961 2043 1021 2084 ara-

151 2127 232 2179 rent:
253 2123 430 2179 medimnum
444 2127 540 2180 autem
553 2141 592 2180 ex
607 2123 711 2196 jugere
721 2125 884 2181 decumano
897 2125 960 2182 dari
972 2143 1021 2198 po·

150 2225 233 2287 terat,
247 2237 314 2278 cum
336 2239 413 2294 ager,
426 2219 457 2277 id
470 2223 545 2296 quod
560 2238 673 2294 perraro
686 2221 797 2289 evenit,
810 2237 877 2278 cum
897 2223 1021 2281 decumo

150 2317 319 2375 extulisset:
340 2337 413 2394 quae
427 2324 489 2377 erut
502 2319 577 2377 ratio
589 2319 753 2388 decumani,
763 2320 789 2378 si
803 2321 920 2395 quidem
934 2323 1021 2380 decu·

150 2433 226 2484 mae,
240 2432 274 2473 ac
289 2434 348 2474 non
371 2419 446 2474 bona
461 2417 602 2476 venibant
616 2423 768 2486 aratomm,
782 2425 813 2476 ut
828 2419 956 2494 pluribus
970 2421 1020 2478 ali·

149 2519 258 2588 quanto
281 2515 435 2572 medimnis
448 2517 584 2573 decumas
598 2522 716 2584 emeret,
730 2517 926 2592 quamjugera
939 2523 1022 2577 eraut
1047 2569 1052 2576 .

150 2610 238 2669 sata?
259 2613 295 2669 ln
316 2613 465 2670 Leontino
481 2613 617 2686 jugerum
639 2615 815 2686 subscriptio
829 2632 869 2671 ac
883 2617 1022 2687 professio

152 2725 214 2768 non
229 2713 275 2765 est
287 2711 351 2782 plus
367 2727 430 2766 xxx
445 2709 576 2768 millium.
605 2711 758 2766 Decumae
770 2709 782 2740 ⁸
792 2729 888 2768 xxxva
903 2713 1021 2772 medim-

151 2805 225 2864 naim
241 2805 405 2863 venierunt.
446 2805 574 2875 Erravit,
595 2823 632 2864 an
654 2809 749 2881 potius
772 2805 915 2868 insanivit
929 2812 1021 2886 Apro

180 2959 344 3030 ΞΙηῘιεζετοῙ
374 2959 433 3008 Edu.
445 2963 501 3007 vett.
518 2961 629 3008 habent
613 2978 704 3022 pugere,
720 2965 779 3034 quod
798 2969 911 3012 servatum
931 2966 1023 3014 volebat

145 3021 271 3070 Graevius
304 3019 341 3066 aie
350 3025 374 3065 et
383 3035 434 3066 mox
444 3019 564 3078 mingere,
575 3022 634 3082 quod
643 3029 741 3070 servavit
755 3023 864 3071 (luiterus
873 3027 897 3072 et
905 3024 1021 3073 Graevius

148 3079 496 3140 Omergonouutroqueloooi

308 3158 365 3204 este
372 3157 403 3228 ο
425 3157 507 3205 Graev'
486 3158 743 3264 vrogfluoebatManutii
752 3160 946 3220 correctiorcfits'l.
956 3163 1022 3210 mals.

149 3171 270 3264 Verbum
289 3217 320 3262 ud
329 3231 442 3277 propnuur
451 3216 519 3264 estin

147 3280 245 3336 unoque
254 3273 331 3322 verbo.

143 3352 486 3460 ntilqsssrtjttgcs'utrastulisti
516 3353 563 3400 Sur.
573 3353 625 3399 ta'nl.
655 3352 1023 3420 Nameiabieesilimttttt'tit',

194 3425 276 3459 m

174 3492 186 3523 ⁸
195 3505 272 3538 nm
281 3489 420 3538 messam
427 3490 555 3552 meust]
570 3490 745 3539 maleGmterus
754 3493 1022 3543 medimsdsdediteoutn

139 3548 220 3596 libros
236 3547 339 3607 intellige
353 3553 436 3604 autem,
455 3549 674 3596 auts'ddem'lla'lus
690 3555 717 3596 ut
729 3550 797 3600 ined.
809 3553 865 3602 Alli
880 3555 912 3602 N.
930 3555 1020 3611 ineius

143 3607 209 3670 qnod
218 3605 328 3669 probabat
336 3606 453 3666 Graevius,
463 3621 505 3656 uec
518 3611 595 3658 tumen
605 3607 741 3658 imitabatur

557 3231 605 3264 ere
642 3217 1056 3278 PmeomossffenchClaviu·
