2428 4212
375 335 447 382 ACT.
464 336 494 384 ll.
509 333 607 384 LIBER
621 334 770 388 QUINTUS.
939 341 1001 398 255

136 479 229 537 classe
243 482 340 556 populi
362 483 487 541 Romani
508 483 700 556 pulcherrima
714 482 828 550 amissa,
840 481 1003 557 provincia·

136 597 192 652 que
217 581 352 650 lacerata,
373 583 531 656 triumphus
562 583 677 640 navalis
708 582 761 640 tibi
792 583 1003 640 decerneretur.

139 679 206 750 Age
230 697 321 752 porro,
335 681 471 739 custodiri
495 683 600 738 ducem
621 682 797 754 praedonum
817 698 896 738 novo
915 691 1054 756 morem

138 794 222 849 quam
247 779 341 838 securi
362 780 441 838 feriri
462 781 592 838 omnium
614 782 750 854 exemplo
774 780 866 854 magis
886 779 1003 852 placuit.

139 874 221 946 Quae
234 882 300 934 sunt
313 877 386 936 istae
398 878 571 938 custodiae?
591 881 667 952 apud
680 897 750 954 quos
764 875 920 936 homines?
939 895 1006 952 que·

134 975 320 1033 madmodum
333 982 378 1032 est
391 975 576 1035 asservatus?
595 976 795 1052 &Lautumias
808 978 1006 1050 Syracusanae

135 1088 237 1129 omnes
261 1074 397 1130 audistis:
429 1075 557 1148 plerique
580 1077 679 1134 nostis.
721 1078 801 1150 Opus
822 1080 867 1133 est
893 1075 1006 1148 ingens,

135 1171 330 1244 magnificum,
345 1190 444 1246 regum
458 1190 493 1230 ac
508 1178 704 1246 tyrannorum.
719 1180 810 1232 totum
824 1181 868 1231 eat
882 1193 919 1230 en
934 1190 1006 1230 saxo

137 1269 169 1325 ir
184 1269 344 1327 mirandam
357 1271 541 1339 altitudinem
553 1272 697 1344 depresso,
707 1277 738 1328 et
748 1274 898 1328 multorum
912 1269 1007 1345 operis

136 1367 253 1440 penitus
267 1369 378 1426 exciso.
398 1369 471 1426 nibil
486 1376 546 1426 tam
558 1372 686 1427 clausum
700 1371 737 1426 ad
748 1369 935 1442 exitus,nibil
950 1377 1009 1426 tam

135 1470 249 1539 septum
264 1467 399 1543 undique,
419 1468 492 1526 nibil
516 1474 576 1525 tam
600 1473 692 1526 tutum
716 1468 752 1524 ad
777 1468 931 1534 custodias,
953 1484 1009 1526 nec

135 1564 208 1632 lieri,
222 1583 277 1623 nec
286 1566 407 1641 cogitari
422 1572 525 1641 potest.
548 1569 583 1624 ln
598 1567 650 1624 bas
666 1566 829 1632 lautumias,
843 1565 926 1640 siqui
941 1567 1009 1639 pub

136 1662 196 1720 lice
208 1665 390 1722 custodiendi
397 1672 473 1734 sunt,
487 1666 575 1724 etiam
587 1684 625 1723 ex
639 1667 744 1723 ceteris
759 1665 872 1738 oppidis
889 1664 1010 1723 Siciliae

137 1761 244 1817 deduci
264 1763 449 1835 imperantur.
490 1765 535 1820 Eo
558 1765 633 1837 quod
653 1766 757 1820 multos
782 1763 914 1834 captivos
928 1763 1011 1819 cives

139 1859 289 1918 Romanos
313 1861 489 1934 conjecerat,
503 1865 533 1916 et
552 1862 627 1934 quod
648 1862 751 1918 eodem
775 1864 887 1917 ceteros
905 1860 1011 1934 piratas

139 1959 276 2016 contrudi
300 1958 473 2032 imperarat3
503 1958 661 2026 intellexit,
685 1959 711 2015 si
735 1961 812 2016 hune
826 1957 1010 2016 subditicium

134 2057 342 2130 archipiratam
356 2057 387 2114 iu
402 2059 525 2114 eandem
545 2057 705 2114 custodiam
719 2059 855 2125 dedisset,
870 2058 1010 2125 taranta

132 2155 244 2224 multis,
258 2156 316 2214 illis
331 2156 362 2213 in
376 2157 531 2224 lautumiis,
544 2155 565 2188 ⁸²
576 2174 661 2213 verus
675 2156 726 2213 ille
741 2158 799 2212 dux
815 2161 1007 2231 quaereretur.

129 2257 237 2328 ltaque
258 2254 407 2311 hominem
429 2255 497 2310 huic
522 2254 651 2327 optimae
673 2253 890 2329 tutissimaeque
915 2259 1008 2312 custo·

127 2353 202 2412 diae
218 2370 275 2408 non
297 2353 384 2408 audet
403 2352 592 2409 committere.
611 2353 737 2426 denique
759 2354 919 2426 Syracusas
934 2359 1008 2410 totas

130 2452 241 2510 timet:
263 2451 411 2507 Amandat
425 2451 579 2508 bominem.
601 2448 680 2525 quo?
695 2451 869 2524 Lilybaeum
879 2452 1007 2508 tortasse.

130 2550 254 2608 Video:
276 2554 373 2606 tamen
388 2549 519 2606 homines
533 2549 690 2606 maritimos
709 2568 768 2607 non
782 2552 870 2622 plane
883 2549 1008 2608 reformi-

126 2651 195 2710 dat.
239 2647 374 2715 Minime,
388 2648 514 2720 judices.
556 2648 730 2704 Panormum
751 2645 864 2721 igitur?
888 2648 1007 2704 Audio:

126 2753 308 2824 quamquam
323 2747 484 2820 Syracusis,
499 2746 634 2819 quoniam
656 2747 686 2801 in
709 2747 894 2817 Syracusano
907 2751 1008 2818 captus

126 2852 208 2914 erat,
223 2844 361 2910 maxime,
374 2843 400 2899 si
422 2843 517 2898 minus
539 2844 681 2916 supplicio
703 2841 789 2910 allici,
813 2849 844 2900 at
870 2843 1009 2901 custodiri

122 2945 296 3020 oportebat.
329 2943 377 2998 Ne
395 2941 702 3019 Panormumquidem.
746 2941 825 3016 Quid
834 2940 1009 3019 igiluriquo
1094 2952 1097 2957 '

125 3038 270 3119 putatis?
292 3041 341 3097 Ad
355 3039 487 3097 homines
501 3058 519 3098 a
533 3040 687 3114 piratarum
701 3045 779 3098 melu
794 3046 825 3098 et
843 3042 1007 3116 suspicione

124 3140 349 3201 alienissimos:
370 3157 388 3195 a
410 3140 576 3214 navigando
600 3143 739 3215 rebusque
753 3140 904 3198 maritimis
919 3159 1009 3200 remo·

124 3240 273 3305 tissimus,
287 3240 324 3295 ad
338 3238 552 3312 Centuripinos,
573 3239 705 3296 homines
729 3239 856 3294 maxime
875 3239 1008 3298 mediter-

154 3394 181 3426 Ν
198 3390 335 3438 laum
341 3391 429 3462 Syma]
441 3392 469 3437 de
484 3391 519 3438 bis
528 3391 714 3452 operaepretium
725 3390 754 3437 sit
773 3390 847 3448 legere
856 3391 940 3439 tradita
949 3393 1008 3442 Dor-

120 3450 199 3500 rillio
210 3464 233 3494 m
246 3449 330 3496 itinere
340 3451 415 3498 siculo
423 3465 446 3512 p.
459 3453 506 3498 180.

153 3530 182 3564 ³⁷
199 3541 268 3574 uerter
275 3527 316 3574 itte
325 3529 373 3576 dua
380 3529 532 3589 quaereretur]
548 3543 577 3575 ne
586 3527 680 3589 piratae,
690 3528 713 3575 in
725 3528 839 3576 lautruuiis
848 3529 886 3590 qui
895 3535 975 3586 essent,
982 3535 1007 3577 et

112 3592 193 3641 illum
207 3586 368 3648 archipiratam
378 3593 473 3646 nossent,
485 3590 543 3634 bunc
552 3602 597 3634 non
610 3591 761 3646 agnoscerent,
771 3593 797 3636 et
804 3603 881 3636 venam
886 3589 1005 3649 archipira-

118 3658 175 3702 nm
188 3645 358 3705 decumae,
374 3661 395 3692 r.
407 3647 471 3694 clar.
483 3647 626 3707 inquaerere.
