2418 4208
343 317 415 368 scr.
432 318 462 368 n.
477 315 740 372 numentanus.
915 323 978 383 ῃ,

110 459 312 533 Amestratini,
332 466 389 524 hoc
403 467 567 536 Enneuses,
589 468 647 525 hoo
667 465 879 544 Agyrinenses,
892 465 978 540 ll'yn·

107 557 242 631 daritani,
272 560 460 642 [Locrenses]
485 566 601 639 publice
624 567 742 624 dicunt:
766 571 830 624 tuus
851 565 977 640 denique

108 656 200 726 testis,
226 665 289 716 tuus
313 661 478 736 imperator,
502 669 567 720 tuus
590 666 697 738 hospes
720 663 894 722 Cleomenes
918 665 975 720 troc

104 752 187 822 dicit,
208 774 272 814 sese
292 759 447 819 interram
467 779 532 819 esse
546 779 701 837 egressum,
722 763 765 819 uti
779 763 931 836 Pachyno,
956 779 974 818 e

105 854 231 912 terrestri
252 858 404 930 praesidio,
418 860 526 918 milites
546 861 707 936 colligeret,
720 877 791 936 quos
804 859 837 918 in
850 859 974 918 navibus

104 952 271 1010 collocaret.
290 957 365 1028 quod
378 961 458 1013 certe
475 974 536 1015 non
548 957 674 1027 iecisset,
690 959 716 1015 si
728 976 810 1016 suum
823 975 974 1016 numerum

49 1125 52 1134 Ι
103 1064 197 1105 naves
210 1050 360 1109 haberent.
382 1068 419 1109 ea
431 1058 477 1110 est
489 1054 569 1112 enim
588 1058 662 1114 ratio
674 1057 878 1115 instructanrm
890 1073 973 1114 orna·

101 1149 252 1222 tarumqne
265 1151 396 1218 navium,
417 1156 449 1208 nt
462 1169 521 1210 non
534 1155 622 1210 modo
634 1155 738 1226 plures,
751 1156 803 1211 sed
813 1172 852 1212 ne
864 1153 972 1228 singuli

99 1245 219 1320 quidem
232 1248 344 1320 possim
356 1250 507 1307 accedere.
548 1251 627 1308 Dico
639 1257 797 1324 praeterea,
812 1251 879 1308 illos
892 1252 970 1325 ipsos

98 1342 226 1417 reliquos
250 1350 361 1414 neuma,
388 1346 465 1406 lame
489 1351 575 1424 atque
601 1347 701 1422 inopia
723 1334 969 1406 rerum‘omnium

99 1442 251 1500 coniectos
273 1444 361 1502 luisse
374 1463 409 1503 ac
434 1447 569 1520 perditos.
592 1447 669 1514 dico,
688 1451 739 1504 eut
761 1463 862 1504 omnes
886 1450 969 1502 extra
1005 1493 1007 1500 ,

98 1542 218 1614 culpam
237 1542 335 1612 luisse,
348 1549 407 1613 aut,
420 1544 446 1602 si
466 1545 517 1603 uni
530 1545 712 1603 attribuenda
724 1546 811 1617 culpa
825 1543 872 1611 sit,
886 1543 919 1601 in
931 1559 968 1600 eo

94 1639 365 1711 maximamluisse,
381 1644 429 1717 qui
450 1643 589 1716 optimam
610 1661 727 1709 navem,
748 1641 885 1715 plurimos
898 1657 967 1699 nau·

94 1740 143 1793 tas
170 1738 300 1807 haberet,
322 1757 465 1798 summum
489 1740 641 1814 imperinm
664 1740 826 1798 oouneret:
854 1744 913 1806 aut,
939 1738 966 1796 si

90 1851 198 1892 omnes
222 1835 360 1913 inculpa
381 1837 497 1907 luerint,
514 1854 573 1895 non
594 1837 753 1911 oportuisse
775 1837 965 1894 Cleomenem

89 1932 237 1991 constitui
254 1939 446 2008 spectatorem
453 1936 568 1993 illorum
588 1935 689 1992 mortis
702 1939 787 2009 atque
808 1933 962 1991 cruciatus.

86 2031 163 2089 dico
184 2031 282 2100 etiam,
305 2033 336 2090 iu
350 2034 402 2093 illo
420 2034 563 2108 supplicio
576 2036 741 2092 mercedem
760 2035 961 2107 lacrymamm,

85 2131 259 2190 mercedem
268 2133 491 2208 vulnerlsatque
504 2134 617 2207 plagae,
631 2133 795 2190 mercedem
805 2131 914 2188 lunaris
925 2147 961 2188 ac

83 2231 256 2303 sepulturae
269 2229 408 2288 constitui
420 2230 502 2288 nelas
514 2229 611 2285 leuse.
654 2229 835 2302 Quapropter
847 2229 873 2284 si
886 2229 960 2286 milri

82 2327 265 2402 respondere
289 2329 381 2396 voles,
407 2329 481 2384 lraec
504 2325 614 2384 dicito:
641 2327 765 2383 classem
787 2327 959 2383 instructam

80 2431 176 2502 atque
189 2431 321 2484 ornatam
333 2425 432 2493 luisse,
445 2427 556 2483 nullum
572 2429 812 2498 propugnatorem
824 2423 958 2491 abluisse,

77 2526 199 2584 nullum
219 2541 344 2582 vacnum
357 2528 511 2582 transtrum
523 2521 620 2590 inisse,
638 2521 741 2596 remigi
761 2539 821 2578 rem
834 2523 957 2580 frumen·

76 2624 191 2682 tarium
210 2640 274 2680 esse
287 2621 507 2696 suppeditatum,
524 2619 640 2679 mentiri
653 2620 825 2686 carenciaco,
838 2619 956 2677 mentiri

75 2727 125 2782 tot
146 2726 182 2780 et
203 2725 264 2778 tam
286 2738 390 2794 graves
413 2719 560 2786 civitatee,
580 2716 697 2775 mentiri
711 2715 800 2774 etiam
821 2717 955 2775 Siciliam

72 2827 192 2880 totam:
209 2817 353 2890 proditum
373 2821 402 2874 te
416 2835 480 2874 esse
498 2835 517 2874 a
530 2817 700 2896 Cleomene,
719 2815 769 2890 qui
791 2833 823 2872 se
844 2815 955 2873 dixerit

71 2919 183 2978 exisse
197 2913 228 2971 in
246 2919 360 2981 terram,
382 2920 414 2972 ut
427 2915 569 2988 Pachyno
582 2915 738 2971 deduceret
748 2913 873 2972 milites:
894 2913 955 2970 ani·

72 3034 161 3076 mum
175 3011 248 3081 illis,
260 3029 319 3070 non
332 3011 431 3086 copias
444 3011 586 3070 defuisse:
610 3011 800 3070 Cleomenem
814 3011 955 3069 acerrime

72 3116 266 3192 pugnantem
279 3113 316 3170 ab
329 3112 375 3169 his
388 3112 520 3170 relictum
534 3128 598 3168 esse
620 3115 706 3185 atque
719 3111 882 3173 desertum:
904 3127 955 3167 nu·

70 3231 161 3274 mum
184 3213 225 3268 ob
247 3212 422 3284 sepulturam
447 3211 547 3266 datum
570 3207 705 3290 nemini·
719 3224 792 3280 quae
813 3206 840 3262 si
863 3205 954 3274 dices,

68 3313 232 3372 tenebere.
253 3307 300 3368 sin
319 3308 378 3368 alia
390 3307 489 3368 dices:
512 3321 618 3381 quaes
636 3321 683 3362 me
707 3304 876 3373 dictasunt,
893 3320 953 3366 non

62 3392 233 3471 neuneu.
720 3387 726 3410 ⁸

111 3523 195 3568 ron.
217 3519 246 3560 r.
483 3503 521 3558 25
