2428 4212
228 361 292 421 ull
570 353 603 402 m
620 339 779 402 vesunu

228 505 401 562 consumtus.
443 503 509 560 iloo
533 505 629 559 autem
652 499 790 575 scriptum
812 498 911 567 etiam,
935 501 1011 574 quod
1037 519 1102 574 pro

228 603 299 660 ferre
313 619 370 660 non
386 603 505 658 auderet
517 619 591 668 reus,
605 606 754 657 accusator
773 599 896 656 recitare
911 616 971 656 non
985 601 1103 657 desine·

227 705 280 769 ret,
294 719 378 766 ouon
390 717 571 758 rnusnouss
590 717 706 756 rancun
717 717 758 756 nn
773 715 888 755 rusum
901 715 1016 754 summu
1028 717 1103 756 nno·

227 817 394 858 nraurssnr
415 817 552 857 vannus:
573 815 642 872 quos
667 799 756 855 eliam
779 797 856 854 intra
885 797 1105 870 Syracusanam

227 897 352 955 insulam
367 897 531 971 recepisset.
573 897 656 968 Quae
670 901 855 970 posteaquam
868 913 906 952 ex
921 895 976 952 illis
989 912 1104 970 cogno·

228 995 270 1065 vi,
285 995 406 1053 discessi
419 1013 485 1054 oum
499 995 585 1052 fratre
599 1013 616 1052 e
630 995 720 1064 curia,
734 1000 774 1063 ut,
786 994 869 1051 nobis
883 993 1060 1063 absentibus,
1076 995 1103 1051 si

176 1095 295 1170 usquo
320 1093 441 1162 vellent,
466 1095 668 1152 decernerent.
709 1095 881 1152 Decemunt
904 1093 1022 1150 statim:
1043 1093 1103 1166 pri-

226 1211 313 1262 mum,
326 1193 397 1250 ⁸⁰ur
420 1211 482 1250 suu
503 1212 532 1250 1..
555 1209 675 1250 saunas:
695 1210 871 1249 uosmrrnu
887 1209 1020 1249 ruamus:
1034 1209 1101 1250 urn-

226 1309 297 1359 nnn,
311 1293 387 1366 quod
410 1292 435 1348 is
457 1293 580 1348 eandem
604 1293 784 1348 voluntatem
809 1309 877 1364 erga
899 1291 1100 1364 Syracusanos

227 1391 410 1464 suscepisset,
424 1407 508 1464 quam
522 1407 577 1466 ego
595 1408 708 1464 semper
728 1391 901 1446 habuissem.
921 1389 952 1446 id
966 1407 1025 1446 non
1040 1407 1099 1446 mo·

227 1491 265 1546 do
279 1497 339 1547 tum
353 1489 536 1562 scripserunt,
551 1489 753 1546 verumetiam
767 1489 798 1546 in
806 1505 873 1546 uere
881 1487 1006 1546 incisum
1015 1488 1099 1545 nobis

226 1586 414 1643 tradiderunt.
455 1585 553 1643 Valde
576 1587 676 1644 hercle
698 1593 727 1644 te
753 1587 931 1660 Syracusani
952 1587 1005 1654 tui,
1028 1604 1098 1661 quos

227 1685 329 1741 crebro
343 1701 568 1742 commemorare
582 1687 666 1754 soles,
680 1685 821 1760 diligunt:
841 1686 889 1759 qui
903 1703 970 1742 cum
982 1703 1099 1742 accusa-

226 1787 289 1840 tore
303 1787 353 1840 tuo
371 1783 441 1840 satis
454 1784 564 1858 justam
578 1801 695 1842 causam
708 1785 929 1858 conjungendae
942 1785 1099 1842 necessitu-

225 1881 303 1941 dinis
327 1885 438 1955 putant,
463 1885 589 1958 quodie
614 1887 797 1940 accusaturus
821 1881 868 1951 sit,
889 1889 920 1940 et
943 1883 1018 1957 quod
1031 1881 1096 1940 ⁸¹ad

219 1979 428 2054 inquirendum
443 1980 474 2037 in
489 1987 518 2038 te
532 1981 655 2038 venerit.
684 1981 790 2038 Postea
803 1982 976 2048 decernitur,
990 1999 1026 2039 ac
1037 2000 1095 2040 non

226 2079 316 2144 varie,
324 2079 375 2133 sed
389 2075 410 2108 ⁸⁹
421 2095 508 2150 prope
523 2079 687 2152 conjunctis
698 2079 861 2148 sententiis,
871 2099 914 2137 un
926 2099 1096 2149 nuunuuro,

229 2191 313 2238 ouen
332 2193 360 2230 e.
382 2191 475 2231 vanni
498 2193 641 2232 ossanna
662 2194 768 2246 ussus,
793 2195 1008 2236 ronnuauuua.
1054 2182 1098 2238 At

227 2289 308 2340 vero,
323 2289 389 2330 cnm
399 2273 462 2346 jam
475 2291 535 2331 non
560 2276 652 2332 solum
673 2275 813 2333 discessio
839 2277 917 2334 lacta
938 2283 1024 2345 esset,
1045 2279 1098 2336 sed

226 2369 315 2428 etium
335 2372 533 2445 perscriptum,
556 2377 641 2447 atque
664 2373 694 2432 in
715 2376 827 2432 tabulas
841 2379 971 2444 relatum,
984 2383 1100 2450 praetor

225 2472 393 2542 appellatur.
437 2473 479 2527 At
493 2471 555 2544 quis
569 2469 719 2545 appellat?
748 2470 960 2548 ⁸³magistratus
979 2473 1097 2550 aliqui?

224 2583 319 2623 nemo.
341 2566 482 2626 senator?
512 2567 533 2600 ⁰⁴
547 2589 583 2627 ne
608 2570 639 2627 id
665 2571 790 2644 quidem.
847 2573 1097 2646 Syracusanorum

223 2665 326 2740 aliquis
341 2663 353 2724 i
373 2666 501 2725 minime.
523 2667 585 2744 quis
596 2667 684 2743 igitur
697 2674 855 2743 praetorem
871 2669 1025 2745 appellati
1044 2671 1096 2747 qui

254 2821 275 2852 ³⁰
289 2826 315 2868 ut
323 2836 374 2867 cum
383 2821 501 2879 lusrotn,
508 2823 562 2884 etc]
594 2823 650 2870 Cum
661 2823 758 2870 Graevio
765 2825 840 2884 recepi
848 2828 899 2886 post
906 2825 1046 2881 danubinum
1058 2827 1097 2888 qm

224 2877 246 2924 in
256 2877 303 2924 Ms.
313 2879 389 2935 Cujac.
402 2895 426 2924 re
443 2885 523 2936 ererat,
534 2887 559 2926 ut
569 2880 678 2928 Graevius
687 2881 708 2928 in
716 2897 760 2941 reg.
769 2897 819 2929 nam
830 2885 885 2930 haec
895 2889 928 2930 est
937 2883 1008 2931 forma
1017 2899 1098 2946 perpe

224 2936 423 2984 tuainbacrev.
457 2939 670 2995 raeviumsilubet.
701 2941 922 2998 Matiusrutrclu.

253 3012 273 3044 ⁸¹
287 3013 318 3058 ud
326 3013 505 3074 inmutandum]
537 3017 584 3062 Ms.
595 3017 638 3063 Gu.
650 3021 875 3080 etprwdiupuisilum
884 3021 900 3068 i.
912 3027 927 3067 t.
938 3038 959 3068 u.

252 3089 275 3122 ⁸²
286 3105 353 3146 prope
365 3091 489 3150 conjunctis
497 3094 627 3155 nascentiis]
650 3096 686 3141 Sic
696 3099 746 3144 edd.
758 3115 833 3146 omues
840 3105 929 3162 praeter
935 3101 1098 3162 Gruevianam,

223 3149 356 3220 quaesitis.
369 3149 425 3219 aeg.
437 3151 505 3197 habet
520 3155 612 3211 cunctis,
623 3156 682 3224 quod
694 3163 721 3202 at
730 3157 753 3204 in
763 3159 806 3205 (lu.
818 3167 859 3204 est.
891 3159 1030 3218 Cordunctus
1045 3176 1100 3208 sen·

223 3213 304 3256 tentam
313 3215 430 3280 quaesunt,
441 3211 565 3280 contrariae
574 3213 649 3270 varin,
664 3214 774 3263 Graevius
786 3222 854 3276 negat
870 3232 894 3264 se
903 3218 1035 3278 intelligere.
1072 3222 1099 3269 Si

221 3281 275 3314 vera
283 3273 317 3315 est
326 3269 400 3326 lectio,
411 3271 517 3328 sigurllcat
528 3271 690 3320 consentientes
698 3273 756 3322 inter
765 3289 789 3322 se
799 3276 927 3324 sententias.
958 3278 992 3324 m
1001 3279 1030 3324 de
1040 3295 1098 3328 cou-

222 3327 322 3373 sensione
339 3329 460 3376 animorum
477 3330 557 3376 dicitur
574 3332 705 3390 conjunctio,
716 3336 849 3393 conjunctus.
888 3337 1100 3388 emeritanensis

180 3444 183 3454 Ι
222 3387 268 3430 tam
279 3385 372 3445 simplici
380 3388 506 3436 narratione
515 3389 642 3450 exquisitius
648 3407 675 3438 ac
685 3393 765 3441 durius.

251 3463 274 3494 ⁸³
287 3465 497 3527 nummusque]
538 3469 878 3533 HicetmoxMa.Gu.ulipui.
909 3473 985 3522 Primo
994 3474 1049 3522 loco
1059 3476 1101 3524 isa-

222 3522 357 3570 bentomnes
365 3526 415 3572 edd.
427 3539 460 3584 pr.
493 3527 571 3588 ltaque
580 3528 611 3574 sio
620 3529 687 3576 edidi.
695 3546 716 3576 v.
728 3530 793 3578 Clav.
805 3532 922 3592 inalipnia.

223 3600 276 3710 ὦ
286 3600 464 3718 {teotigtpuidemd
496 3605 621 3667 Suspicatus
631 3621 686 3667 sum,
696 3622 725 3658 oe
738 3611 758 3658 is
772 3611 873 3670 quidem:
889 3611 928 3659 lad
945 3615 969 3658 0²
978 3612 1100 3672 llllssiflffl
