<?xml version="1.0" encoding="UTF-8"?>
<!DOCTYPE html PUBLIC "-//W3C//DTD XHTML 1.0 Transitional//EN"
    "http://www.w3.org/TR/xhtml1/DTD/xhtml1-transitional.dtd">
<html xmlns="http://www.w3.org/1999/xhtml" xml:lang="en" lang="en">
 <head>
  <title>
</title>
<meta http-equiv="Content-Type" content="text/html;charset=utf-8" />
  <meta name='ocr-system' content='tesseract 3.04.00' />
  <meta name='ocr-capabilities' content='ocr_page ocr_carea ocr_par ocr_line ocrx_word'/>
</head>
<body>
  <div class='ocr_page' id='page_1' title='image "./mtvlliiciceroni10cicegoog/mtvlliiciceroni10cicegoog_0220.png"; bbox 0 0 2486 4212; ppageno 0'>
   <div class='ocr_carea' id='block_1_1' title="bbox 363 285 994 362">
    <p class='ocr_par' dir='ltr' id='par_1_1' title="bbox 363 285 994 362">
     <span class='ocr_line' id='line_1_1' title="bbox 363 285 994 362; baseline 0.005 -24"><span class='ocrx_word' id='word_1_1' title='bbox 363 288 435 338; x_wconf 70' lang='lat' dir='ltr'><strong>mr.</strong></span> <span class='ocrx_word' id='word_1_2' title='bbox 452 288 482 338; x_wconf 90' lang='lat' dir='ltr'><strong>ll.</strong></span> <span class='ocrx_word' id='word_1_3' title='bbox 497 285 772 344; x_wconf 69' lang='lat' dir='ltr'><strong>mensunusum.</strong></span> <span class='ocrx_word' id='word_1_4' title='bbox 937 301 994 362; x_wconf 70' lang='lat'><strong>191</strong></span> 
     </span>
    </p>
   </div>
   <div class='ocr_carea' id='block_1_2' title="bbox 18 417 1038 2156">
    <p class='ocr_par' dir='ltr' id='par_1_2' title="bbox 18 417 1038 2156">
     <span class='ocr_line' id='line_1_2' title="bbox 18 417 999 515; baseline 0.005 -20"><span class='ocrx_word' id='word_1_5' title='bbox 18 445 20 456; x_wconf 73' lang='lat'><em>¹</em></span> <span class='ocrx_word' id='word_1_6' title='bbox 77 417 80 424; x_wconf 29' lang='lat'>¹</span> <span class='ocrx_word' id='word_1_7' title='bbox 133 455 186 515; x_wconf 65' lang='lat' dir='ltr'><strong>ugo</strong></span> <span class='ocrx_word' id='word_1_8' title='bbox 208 433 357 496; x_wconf 81' lang='lat' dir='ltr'><strong>hominem</strong></span> <span class='ocrx_word' id='word_1_9' title='bbox 380 433 513 494; x_wconf 77' lang='lat' dir='ltr'><strong>assumi</strong></span> <span class='ocrx_word' id='word_1_10' title='bbox 539 453 625 511; x_wconf 83' lang='lat' dir='ltr'><strong>quem</strong></span> <span class='ocrx_word' id='word_1_11' title='bbox 644 437 756 514; x_wconf 72' lang='lat' dir='ltr'><strong>legibus</strong></span> <span class='ocrx_word' id='word_1_12' title='bbox 777 455 814 497; x_wconf 87' lang='lat' dir='ltr'><strong>ne</strong></span> <span class='ocrx_word' id='word_1_13' title='bbox 839 436 999 514; x_wconf 71' lang='lat' dir='ltr'><strong>”jndiaiali</strong></span> 
     </span>
     <span class='ocr_line' id='line_1_3' title="bbox 18 527 1000 612; baseline 0.003 -18"><span class='ocrx_word' id='word_1_14' title='bbox 18 527 19 530; x_wconf 28' lang='lat'>¹</span> <span class='ocrx_word' id='word_1_15' title='bbox 128 536 192 612; x_wconf 78' lang='lat' dir='ltr'><strong>jure</strong></span> <span class='ocrx_word' id='word_1_16' title='bbox 210 531 385 608; x_wconf 78' lang='lat' dir='ltr'><strong>persequor?</strong></span> <span class='ocrx_word' id='word_1_17' title='bbox 404 535 512 609; x_wconf 86' lang='lat' dir='ltr'><strong>dequo</strong></span> <span class='ocrx_word' id='word_1_18' title='bbox 532 551 586 592; x_wconf 87' lang='lat' dir='ltr'><strong>vos</strong></span> <span class='ocrx_word' id='word_1_19' title='bbox 605 537 781 594; x_wconf 80' lang='lat' dir='ltr'><strong>sententium</strong></span> <span class='ocrx_word' id='word_1_20' title='bbox 799 555 850 610; x_wconf 90' lang='lat' dir='ltr'><strong>per</strong></span> <span class='ocrx_word' id='word_1_21' title='bbox 862 541 1000 598; x_wconf 75' lang='lat' dir='ltr'><strong>tabellam</strong></span> 
     </span>
     <span class='ocr_line' id='line_1_4' title="bbox 134 631 1000 709; baseline 0.005 -18"><span class='ocrx_word' id='word_1_22' title='bbox 134 631 256 692; x_wconf 80' lang='lat' dir='ltr'><strong>teretis?</strong></span> <span class='ocrx_word' id='word_1_23' title='bbox 276 631 388 690; x_wconf 88' lang='lat' dir='ltr'><strong>Diount</strong></span> <span class='ocrx_word' id='word_1_24' title='bbox 409 633 499 706; x_wconf 82' lang='lat' dir='ltr'><strong>legati</strong></span> <span class='ocrx_word' id='word_1_25' title='bbox 520 631 691 691; x_wconf 73' lang='lat' dir='ltr'>Melitenses</span> <span class='ocrx_word' id='word_1_26' title='bbox 710 635 834 707; x_wconf 80' lang='lat' dir='ltr'><strong>publice,</strong></span> <span class='ocrx_word' id='word_1_27' title='bbox 847 635 1000 709; x_wconf 81' lang='lat' dir='ltr'><strong>spoliatum</strong></span> 
     </span>
     <span class='ocr_line' id='line_1_5' title="bbox 19 721 1001 807; baseline 0.005 -19"><span class='ocrx_word' id='word_1_28' title='bbox 19 721 20 724; x_wconf 47' lang='lat'>&#39;</span> <span class='ocrx_word' id='word_1_29' title='bbox 134 733 347 803; x_wconf 88' lang='lat' dir='ltr'><strong>templumesse</strong></span> <span class='ocrx_word' id='word_1_30' title='bbox 368 729 514 788; x_wconf 83' lang='lat' dir='ltr'><strong>lunonis:</strong></span> <span class='ocrx_word' id='word_1_31' title='bbox 534 729 609 788; x_wconf 82' lang='lat' dir='ltr'><strong>nibil</strong></span> <span class='ocrx_word' id='word_1_32' title='bbox 622 730 710 788; x_wconf 88' lang='lat' dir='ltr'><strong>istum</strong></span> <span class='ocrx_word' id='word_1_33' title='bbox 733 731 765 788; x_wconf 89' lang='lat' dir='ltr'><strong>in</strong></span> <span class='ocrx_word' id='word_1_34' title='bbox 784 733 1001 807; x_wconf 78' lang='lat' dir='ltr'><strong>religiosissimo</strong></span> 
     </span>
     <span class='ocr_line' id='line_1_6' title="bbox 134 827 1000 905; baseline 0.003 -19"><span class='ocrx_word' id='word_1_35' title='bbox 134 829 199 886; x_wconf 90' lang='lat' dir='ltr'><strong>iano</strong></span> <span class='ocrx_word' id='word_1_36' title='bbox 212 827 376 901; x_wconf 79' lang='lat' dir='ltr'>reliquisse:</span> <span class='ocrx_word' id='word_1_37' title='bbox 397 845 484 902; x_wconf 87' lang='lat' dir='ltr'><strong>quem</strong></span> <span class='ocrx_word' id='word_1_38' title='bbox 496 827 529 886; x_wconf 91' lang='lat' dir='ltr'><strong>in</strong></span> <span class='ocrx_word' id='word_1_39' title='bbox 543 829 639 886; x_wconf 80' lang='lat' dir='ltr'><strong>losum</strong></span> <span class='ocrx_word' id='word_1_40' title='bbox 653 830 762 886; x_wconf 80' lang='lat' dir='ltr'>classes</span> <span class='ocrx_word' id='word_1_41' title='bbox 775 830 902 888; x_wconf 87' lang='lat' dir='ltr'><strong>hostium</strong></span> <span class='ocrx_word' id='word_1_42' title='bbox 914 848 1000 905; x_wconf 83' lang='lat' dir='ltr'><strong>saepe</strong></span> 
     </span>
     <span class='ocr_line' id='line_1_7' title="bbox 135 909 1001 1000; baseline 0.003 -17"><span class='ocrx_word' id='word_1_43' title='bbox 135 923 327 984; x_wconf 77' lang='lat' dir='ltr'><strong>secesserint:</strong></span> <span class='ocrx_word' id='word_1_44' title='bbox 347 924 397 980; x_wconf 90' lang='lat' dir='ltr'><strong>ubi</strong></span> <span class='ocrx_word' id='word_1_45' title='bbox 409 909 522 996; x_wconf 77' lang='lat' dir='ltr'><strong>piratae</strong></span> <span class='ocrx_word' id='word_1_46' title='bbox 538 926 597 982; x_wconf 84' lang='lat' dir='ltr'><strong>lere</strong></span> <span class='ocrx_word' id='word_1_47' title='bbox 610 927 764 1000; x_wconf 73' lang='lat' dir='ltr'><strong>quotannis</strong></span> <span class='ocrx_word' id='word_1_48' title='bbox 774 961 779 965; x_wconf 94' lang='lat'>-</span> <span class='ocrx_word' id='word_1_49' title='bbox 788 928 916 986; x_wconf 86' lang='lat' dir='ltr'><strong>hiemnre</strong></span> <span class='ocrx_word' id='word_1_50' title='bbox 929 931 1001 986; x_wconf 87' lang='lat' dir='ltr'><strong>sole·</strong></span> 
     </span>
     <span class='ocr_line' id='line_1_8' title="bbox 134 1022 1002 1100; baseline 0 -17"><span class='ocrx_word' id='word_1_51' title='bbox 134 1029 199 1084; x_wconf 82' lang='lat' dir='ltr'><strong>aut:</strong></span> <span class='ocrx_word' id='word_1_52' title='bbox 210 1024 288 1098; x_wconf 87' lang='lat' dir='ltr'><strong>quod</strong></span> <span class='ocrx_word' id='word_1_53' title='bbox 298 1039 392 1096; x_wconf 87' lang='lat' dir='ltr'><strong>neque</strong></span> <span class='ocrx_word' id='word_1_54' title='bbox 399 1022 728 1094; x_wconf 63' lang='lat' dir='ltr'><strong>praedoviolsritnnlen</strong></span> <span class='ocrx_word' id='word_1_55' title='bbox 734 1043 826 1100; x_wconf 87' lang='lat' dir='ltr'><strong>neque</strong></span> <span class='ocrx_word' id='word_1_56' title='bbox 838 1027 928 1082; x_wconf 87' lang='lat' dir='ltr'><strong>bostis</strong></span> <span class='ocrx_word' id='word_1_57' title='bbox 936 1027 1002 1084; x_wconf 79' lang='lat' dir='ltr'><strong>etti·</strong></span> 
     </span>
     <span class='ocr_line' id='line_1_9' title="bbox 137 1117 1002 1196; baseline 0.007 -19"><span class='ocrx_word' id='word_1_58' title='bbox 137 1121 226 1196; x_wconf 74' lang='lat' dir='ltr'><strong>gerit3</strong></span> <span class='ocrx_word' id='word_1_59' title='bbox 240 1120 272 1176; x_wconf 89' lang='lat' dir='ltr'><strong>id</strong></span> <span class='ocrx_word' id='word_1_60' title='bbox 282 1120 319 1175; x_wconf 90' lang='lat' dir='ltr'><strong>ab</strong></span> <span class='ocrx_word' id='word_1_61' title='bbox 328 1136 388 1176; x_wconf 90' lang='lat' dir='ltr'><strong>uuo</strong></span> <span class='ocrx_word' id='word_1_62' title='bbox 397 1118 454 1176; x_wconf 87' lang='lat' dir='ltr'><strong>isto</strong></span> <span class='ocrx_word' id='word_1_63' title='bbox 464 1117 507 1176; x_wconf 86' lang='lat' dir='ltr'><strong>sio</strong></span> <span class='ocrx_word' id='word_1_64' title='bbox 515 1119 668 1192; x_wconf 79' lang='lat' dir='ltr'><strong>spoliatum</strong></span> <span class='ocrx_word' id='word_1_65' title='bbox 678 1139 750 1190; x_wconf 86' lang='lat' dir='ltr'><strong>esso,</strong></span> <span class='ocrx_word' id='word_1_66' title='bbox 760 1128 789 1179; x_wconf 92' lang='lat' dir='ltr'><strong>ut</strong></span> <span class='ocrx_word' id='word_1_67' title='bbox 799 1124 871 1181; x_wconf 89' lang='lat' dir='ltr'><strong>nibil</strong></span> <span class='ocrx_word' id='word_1_68' title='bbox 882 1125 1002 1184; x_wconf 89' lang='lat' dir='ltr'><strong>omuino</strong></span> 
     </span>
     <span class='ocr_line' id='line_1_10' title="bbox 79 1207 1002 1293; baseline 0.001 -16"><span class='ocrx_word' id='word_1_69' title='bbox 79 1207 92 1222; x_wconf 84' lang='grc'><em>“</em></span> <span class='ocrx_word' id='word_1_70' title='bbox 137 1220 175 1278; x_wconf 84' lang='lat' dir='ltr'><strong>sit</strong></span> <span class='ocrx_word' id='word_1_71' title='bbox 188 1216 331 1274; x_wconf 81' lang='lat' dir='ltr'><strong>relietum.</strong></span> <span class='ocrx_word' id='word_1_72' title='bbox 345 1245 349 1260; x_wconf 85' lang='lat'><em>·</em></span> <span class='ocrx_word' id='word_1_73' title='bbox 373 1215 433 1274; x_wconf 84' lang='lat' dir='ltr'><strong>llio</strong></span> <span class='ocrx_word' id='word_1_74' title='bbox 446 1233 523 1274; x_wconf 84' lang='lat' dir='ltr'><strong>nune</strong></span> <span class='ocrx_word' id='word_1_75' title='bbox 537 1220 587 1274; x_wconf 87' lang='lat' dir='ltr'><strong>eut</strong></span> <span class='ocrx_word' id='word_1_76' title='bbox 599 1216 655 1274; x_wconf 86' lang='lat' dir='ltr'><strong>iste</strong></span> <span class='ocrx_word' id='word_1_77' title='bbox 668 1235 741 1286; x_wconf 85' lang='lat' dir='ltr'><strong>reus,</strong></span> <span class='ocrx_word' id='word_1_78' title='bbox 755 1224 804 1276; x_wconf 89' lang='lat' dir='ltr'><strong>aut</strong></span> <span class='ocrx_word' id='word_1_79' title='bbox 818 1237 873 1293; x_wconf 79' lang='lat' dir='ltr'><strong>ego</strong></span> <span class='ocrx_word' id='word_1_80' title='bbox 886 1237 1002 1280; x_wconf 83' lang='lat' dir='ltr'><strong>nonusn-</strong></span> 
     </span>
     <span class='ocr_line' id='line_1_11' title="bbox 138 1312 1004 1388; baseline 0.005 -14"><span class='ocrx_word' id='word_1_81' title='bbox 138 1321 190 1384; x_wconf 87' lang='lat' dir='ltr'><strong>tor,</strong></span> <span class='ocrx_word' id='word_1_82' title='bbox 203 1320 252 1374; x_wconf 84' lang='lat' dir='ltr'><strong>eut</strong></span> <span class='ocrx_word' id='word_1_83' title='bbox 266 1313 474 1387; x_wconf 86' lang='lat' dir='ltr'><strong>boujudioium</strong></span> <span class='ocrx_word' id='word_1_84' title='bbox 487 1312 701 1388; x_wconf 75' lang='lat' dir='ltr'><strong>appellabitur?</strong></span> <span class='ocrx_word' id='word_1_85' title='bbox 719 1313 740 1346; x_wconf 71' lang='lat'>⁸</span> <span class='ocrx_word' id='word_1_86' title='bbox 748 1315 917 1374; x_wconf 75' lang='lat' dir='ltr'><strong>criminibus</strong></span> <span class='ocrx_word' id='word_1_87' title='bbox 924 1319 1004 1378; x_wconf 88' lang='lat' dir='ltr'><strong>euim</strong></span> 
     </span>
     <span class='ocr_line' id='line_1_12' title="bbox 136 1412 1005 1488; baseline 0.002 -16"><span class='ocrx_word' id='word_1_88' title='bbox 136 1415 305 1488; x_wconf 80' lang='lat' dir='ltr'><strong>oonrguitur,</strong></span> <span class='ocrx_word' id='word_1_89' title='bbox 315 1412 585 1484; x_wconf 85' lang='lat' dir='ltr'><strong>nutsuspioionibus</strong></span> <span class='ocrx_word' id='word_1_90' title='bbox 597 1412 779 1486; x_wconf 88' lang='lat' dir='ltr'><strong>injudioinm</strong></span> <span class='ocrx_word' id='word_1_91' title='bbox 795 1413 937 1473; x_wconf 78' lang='lat' dir='ltr'><strong>vocetur?</strong></span> <span class='ocrx_word' id='word_1_92' title='bbox 951 1415 1005 1474; x_wconf 87' lang='lat' dir='ltr'><strong>Dii</strong></span> 
     </span>
     <span class='ocr_line' id='line_1_13' title="bbox 139 1511 1038 1585; baseline 0.002 -15"><span class='ocrx_word' id='word_1_93' title='bbox 139 1512 237 1580; x_wconf 82' lang='lat' dir='ltr'><strong>abluti,</strong></span> <span class='ocrx_word' id='word_1_94' title='bbox 250 1512 319 1570; x_wconf 87' lang='lat' dir='ltr'><strong>lana</strong></span> <span class='ocrx_word' id='word_1_95' title='bbox 331 1516 448 1579; x_wconf 84' lang='lat' dir='ltr'><strong>vexnta,</strong></span> <span class='ocrx_word' id='word_1_96' title='bbox 461 1512 587 1569; x_wconf 87' lang='lat' dir='ltr'><strong>uudotas</strong></span> <span class='ocrx_word' id='word_1_97' title='bbox 601 1512 684 1568; x_wconf 85' lang='lat' dir='ltr'><strong>urbes</strong></span> <span class='ocrx_word' id='word_1_98' title='bbox 697 1511 885 1585; x_wconf 85' lang='lat' dir='ltr'><strong>reperiuntur.</strong></span> <span class='ocrx_word' id='word_1_99' title='bbox 906 1529 1004 1572; x_wconf 88' lang='lat' dir='ltr'><strong>sarum</strong></span> <span class='ocrx_word' id='word_1_100' title='bbox 1034 1574 1038 1583; x_wconf 72' lang='grc'>,</span> 
     </span>
     <span class='ocr_line' id='line_1_14' title="bbox 137 1608 994 1683; baseline 0 -15"><span class='ocrx_word' id='word_1_101' title='bbox 137 1615 236 1668; x_wconf 76' lang='lat' dir='ltr'><strong>nutem</strong></span> <span class='ocrx_word' id='word_1_102' title='bbox 248 1627 342 1666; x_wconf 87' lang='lat' dir='ltr'><strong>rerum</strong></span> <span class='ocrx_word' id='word_1_103' title='bbox 355 1611 463 1668; x_wconf 85' lang='lat' dir='ltr'><strong>nullum</strong></span> <span class='ocrx_word' id='word_1_104' title='bbox 476 1608 534 1666; x_wconf 90' lang='lat' dir='ltr'><strong>sibi</strong></span> <span class='ocrx_word' id='word_1_105' title='bbox 557 1608 613 1666; x_wconf 90' lang='lat' dir='ltr'><strong>iste</strong></span> <span class='ocrx_word' id='word_1_106' title='bbox 632 1627 727 1683; x_wconf 85' lang='lat' dir='ltr'><strong>neque</strong></span> <span class='ocrx_word' id='word_1_107' title='bbox 747 1609 898 1668; x_wconf 88' lang='lat' dir='ltr'><strong>iulioiandi</strong></span> <span class='ocrx_word' id='word_1_108' title='bbox 918 1613 994 1669; x_wconf 85' lang='lat' dir='ltr'><strong>ratio</strong></span> 
     </span>
     <span class='ocr_line' id='line_1_15' title="bbox 138 1705 1004 1780; baseline 0.001 -15"><span class='ocrx_word' id='word_1_109' title='bbox 138 1723 324 1780; x_wconf 72' lang='lat' dir='ltr'><strong>nemusque</strong></span> <span class='ocrx_word' id='word_1_110' title='bbox 344 1706 520 1764; x_wconf 81' lang='lat' dir='ltr'><strong>defendendi</strong></span> <span class='ocrx_word' id='word_1_111' title='bbox 540 1705 708 1762; x_wconf 86' lang='lat' dir='ltr'><strong>laaultatem</strong></span> <span class='ocrx_word' id='word_1_112' title='bbox 720 1706 851 1780; x_wconf 87' lang='lat' dir='ltr'><strong>reliquit:</strong></span> <span class='ocrx_word' id='word_1_113' title='bbox 871 1708 1004 1766; x_wconf 84' lang='lat' dir='ltr'><strong>omuibus</strong></span> 
     </span>
     <span class='ocr_line' id='line_1_16' title="bbox 138 1801 1006 1880; baseline 0 -18"><span class='ocrx_word' id='word_1_114' title='bbox 138 1804 170 1862; x_wconf 87' lang='lat' dir='ltr'><strong>iu</strong></span> <span class='ocrx_word' id='word_1_115' title='bbox 183 1807 268 1862; x_wconf 84' lang='lat' dir='ltr'><strong>rebus</strong></span> <span class='ocrx_word' id='word_1_116' title='bbox 283 1805 445 1877; x_wconf 78' lang='lat' dir='ltr'><strong>ooarguitur</strong></span> <span class='ocrx_word' id='word_1_117' title='bbox 456 1821 473 1861; x_wconf 88' lang='lat' dir='ltr'><strong>s</strong></span> <span class='ocrx_word' id='word_1_118' title='bbox 483 1819 541 1870; x_wconf 87' lang='lat' dir='ltr'><strong>me,</strong></span> <span class='ocrx_word' id='word_1_119' title='bbox 551 1801 740 1860; x_wconf 86' lang='lat' dir='ltr'><strong>oonviuoitur</strong></span> <span class='ocrx_word' id='word_1_120' title='bbox 752 1819 770 1859; x_wconf 83' lang='lat' dir='ltr'><strong>s</strong></span> <span class='ocrx_word' id='word_1_121' title='bbox 783 1805 912 1872; x_wconf 82' lang='lat' dir='ltr'><strong>testibus,</strong></span> <span class='ocrx_word' id='word_1_122' title='bbox 925 1823 1006 1880; x_wconf 81' lang='lat' dir='ltr'><strong>urge·</strong></span> 
     </span>
     <span class='ocr_line' id='line_1_17' title="bbox 138 1898 1005 1970; baseline 0.001 -10"><span class='ocrx_word' id='word_1_123' title='bbox 138 1903 378 1962; x_wconf 85' lang='lat' dir='ltr'><strong>turoonlessione</strong></span> <span class='ocrx_word' id='word_1_124' title='bbox 401 1919 461 1969; x_wconf 84' lang='lat' dir='ltr'><strong>sua,</strong></span> <span class='ocrx_word' id='word_1_125' title='bbox 483 1898 643 1959; x_wconf 72' lang='lat' dir='ltr'><strong>manifestis</strong></span> <span class='ocrx_word' id='word_1_126' title='bbox 663 1899 695 1956; x_wconf 93' lang='lat' dir='ltr'><strong>in</strong></span> <span class='ocrx_word' id='word_1_127' title='bbox 718 1900 869 1958; x_wconf 79' lang='lat' dir='ltr'><strong>maleficiis</strong></span> <span class='ocrx_word' id='word_1_128' title='bbox 884 1907 1005 1970; x_wconf 85' lang='lat' dir='ltr'><strong>tenetur,</strong></span> 
     </span>
     <span class='ocr_line' id='line_1_18' title="bbox 137 1997 1006 2074; baseline 0 -16"><span class='ocrx_word' id='word_1_129' title='bbox 137 2004 169 2058; x_wconf 91' lang='lat' dir='ltr'><strong>et</strong></span> <span class='ocrx_word' id='word_1_130' title='bbox 181 2006 281 2058; x_wconf 88' lang='lat' dir='ltr'><strong>manet</strong></span> <span class='ocrx_word' id='word_1_131' title='bbox 294 1999 392 2069; x_wconf 87' lang='lat' dir='ltr'><strong>etiam,</strong></span> <span class='ocrx_word' id='word_1_132' title='bbox 405 2017 440 2058; x_wconf 86' lang='lat' dir='ltr'><strong>sc</strong></span> <span class='ocrx_word' id='word_1_133' title='bbox 454 1997 560 2058; x_wconf 82' lang='lat' dir='ltr'><strong>tacitus</strong></span> <span class='ocrx_word' id='word_1_134' title='bbox 582 1997 661 2056; x_wconf 82' lang='lat' dir='ltr'><strong>inste</strong></span> <span class='ocrx_word' id='word_1_135' title='bbox 673 2014 788 2056; x_wconf 87' lang='lat' dir='ltr'><strong>menum</strong></span> <span class='ocrx_word' id='word_1_136' title='bbox 802 2015 853 2056; x_wconf 81' lang='lat' dir='ltr'><strong>sun</strong></span> <span class='ocrx_word' id='word_1_137' title='bbox 865 2017 1006 2074; x_wconf 82' lang='lat' dir='ltr'><strong>reeoguo·</strong></span> 
     </span>
     <span class='ocr_line' id='line_1_19' title="bbox 139 2097 204 2156; baseline 0 0"><span class='ocrx_word' id='word_1_138' title='bbox 139 2097 204 2156; x_wconf 79' lang='lat' dir='ltr'><strong>suit</strong></span> 
     </span>
    </p>
   </div>
   <div class='ocr_carea' id='block_1_3' title="bbox 137 2195 1076 2662">
    <p class='ocr_par' dir='ltr' id='par_1_3' title="bbox 137 2195 1076 2662">
     <span class='ocr_line' id='line_1_20' title="bbox 179 2195 1076 2270; baseline 0.003 -17"><span class='ocrx_word' id='word_1_139' title='bbox 179 2196 311 2254; x_wconf 88' lang='lat' dir='ltr'><strong>Nimium</strong></span> <span class='ocrx_word' id='word_1_140' title='bbox 333 2197 406 2254; x_wconf 90' lang='lat' dir='ltr'><strong>mibi</strong></span> <span class='ocrx_word' id='word_1_141' title='bbox 428 2197 479 2254; x_wconf 92' lang='lat' dir='ltr'><strong>diu</strong></span> <span class='ocrx_word' id='word_1_142' title='bbox 503 2197 606 2254; x_wconf 86' lang='lat' dir='ltr'><strong>videor</strong></span> <span class='ocrx_word' id='word_1_143' title='bbox 628 2195 660 2254; x_wconf 90' lang='lat' dir='ltr'><strong>iu</strong></span> <span class='ocrx_word' id='word_1_144' title='bbox 681 2211 740 2254; x_wconf 90' lang='lat' dir='ltr'><strong>uno</strong></span> <span class='ocrx_word' id='word_1_145' title='bbox 763 2215 870 2270; x_wconf 81' lang='lat' dir='ltr'><strong>genere</strong></span> <span class='ocrx_word' id='word_1_146' title='bbox 895 2199 1007 2262; x_wconf 83' lang='lat' dir='ltr'><strong>versari</strong></span> <span class='ocrx_word' id='word_1_147' title='bbox 1071 2202 1076 2210; x_wconf 92' lang='lat'>&#39;</span> 
     </span>
     <span class='ocr_line' id='line_1_21' title="bbox 138 2293 1007 2366; baseline 0.002 -14"><span class='ocrx_word' id='word_1_148' title='bbox 138 2293 303 2355; x_wconf 82' lang='lat' dir='ltr'><strong>eriminum.</strong></span> <span class='ocrx_word' id='word_1_149' title='bbox 326 2294 438 2361; x_wconf 86' lang='lat' dir='ltr'><strong>Sentio,</strong></span> <span class='ocrx_word' id='word_1_150' title='bbox 444 2294 571 2366; x_wconf 78' lang='lat' dir='ltr'><strong>jrrdieea,</strong></span> <span class='ocrx_word' id='word_1_151' title='bbox 580 2294 788 2358; x_wconf 82' lang='lat' dir='ltr'><strong>oonurreudum</strong></span> <span class='ocrx_word' id='word_1_152' title='bbox 801 2311 865 2350; x_wconf 88' lang='lat' dir='ltr'><strong>esse</strong></span> <span class='ocrx_word' id='word_1_153' title='bbox 879 2297 1007 2354; x_wconf 73' lang='lat' dir='ltr'><strong>satietati</strong></span> 
     </span>
     <span class='ocr_line' id='line_1_22' title="bbox 138 2389 1009 2466; baseline 0.002 -18"><span class='ocrx_word' id='word_1_154' title='bbox 138 2390 250 2449; x_wconf 88' lang='lat' dir='ltr'><strong>aurium</strong></span> <span class='ocrx_word' id='word_1_155' title='bbox 260 2390 474 2466; x_wconf 84' lang='lat' dir='ltr'><strong>animorumque</strong></span> <span class='ocrx_word' id='word_1_156' title='bbox 485 2397 655 2450; x_wconf 85' lang='lat' dir='ltr'><strong>vestrorum.</strong></span> <span class='ocrx_word' id='word_1_157' title='bbox 689 2389 904 2461; x_wconf 77' lang='lat' dir='ltr'><strong>Quamobrem</strong></span> <span class='ocrx_word' id='word_1_158' title='bbox 918 2394 1009 2450; x_wconf 90' lang='lat' dir='ltr'><strong>multa</strong></span> 
     </span>
     <span class='ocr_line' id='line_1_23' title="bbox 137 2487 1007 2563; baseline 0.003 -17"><span class='ocrx_word' id='word_1_159' title='bbox 137 2488 376 2563; x_wconf 79' lang='lat' dir='ltr'><strong>praetermittam.</strong></span> <span class='ocrx_word' id='word_1_160' title='bbox 396 2488 434 2546; x_wconf 83' lang='lat' dir='ltr'><strong>sd</strong></span> <span class='ocrx_word' id='word_1_161' title='bbox 447 2505 485 2546; x_wconf 87' lang='lat' dir='ltr'><strong>ea</strong></span> <span class='ocrx_word' id='word_1_162' title='bbox 496 2493 603 2555; x_wconf 83' lang='lat' dir='ltr'><strong>sutem,</strong></span> <span class='ocrx_word' id='word_1_163' title='bbox 617 2503 690 2562; x_wconf 87' lang='lat' dir='ltr'><strong>quae</strong></span> <span class='ocrx_word' id='word_1_164' title='bbox 702 2487 831 2545; x_wconf 87' lang='lat' dir='ltr'><strong>diuturus</strong></span> <span class='ocrx_word' id='word_1_165' title='bbox 851 2507 923 2558; x_wconf 86' lang='lat' dir='ltr'><strong>snm,</strong></span> <span class='ocrx_word' id='word_1_166' title='bbox 945 2491 1007 2548; x_wconf 86' lang='lat' dir='ltr'><strong>rell·</strong></span> 
     </span>
     <span class='ocr_line' id='line_1_24' title="bbox 139 2584 1008 2662; baseline 0.001 -17"><span class='ocrx_word' id='word_1_167' title='bbox 139 2586 200 2645; x_wconf 82' lang='lat' dir='ltr'><strong>nite</strong></span> <span class='ocrx_word' id='word_1_168' title='bbox 216 2603 277 2655; x_wconf 85' lang='lat' dir='ltr'><strong>vos,</strong></span> <span class='ocrx_word' id='word_1_169' title='bbox 297 2603 411 2662; x_wconf 83' lang='lat' dir='ltr'><strong>quaeso,</strong></span> <span class='ocrx_word' id='word_1_170' title='bbox 426 2585 553 2660; x_wconf 81' lang='lat' dir='ltr'><strong>judiees,</strong></span> <span class='ocrx_word' id='word_1_171' title='bbox 573 2602 626 2658; x_wconf 86' lang='lat' dir='ltr'><strong>psr</strong></span> <span class='ocrx_word' id='word_1_172' title='bbox 647 2585 718 2640; x_wconf 87' lang='lat' dir='ltr'><strong>deos</strong></span> <span class='ocrx_word' id='word_1_173' title='bbox 741 2584 935 2646; x_wconf 79' lang='lat' dir='ltr'><strong>immortales!</strong></span> <span class='ocrx_word' id='word_1_174' title='bbox 956 2605 1008 2660; x_wconf 87' lang='lat' dir='ltr'><strong>per</strong></span> 
     </span>
    </p>
   </div>
   <div class='ocr_carea' id='block_1_4' title="bbox 139 2735 1011 3075">
    <p class='ocr_par' dir='ltr' id='par_1_4' title="bbox 139 2735 1011 3075">
     <span class='ocr_line' id='line_1_25' title="bbox 171 2735 1009 2799; baseline 0.002 -16"><span class='ocrx_word' id='word_1_175' title='bbox 171 2739 196 2772; x_wconf 74' lang='lat'><strong>2⁵¹</strong></span> <span class='ocrx_word' id='word_1_176' title='bbox 206 2738 374 2796; x_wconf 68' lang='lat' dir='ltr'><strong>iudicioliJ&#39;ura</strong></span> <span class='ocrx_word' id='word_1_177' title='bbox 392 2737 525 2799; x_wconf 69' lang='lat' dir='ltr'><strong>pernequam]</strong></span> <span class='ocrx_word' id='word_1_178' title='bbox 556 2735 646 2782; x_wconf 87' lang='lat' dir='ltr'><strong>Merito</strong></span> <span class='ocrx_word' id='word_1_179' title='bbox 654 2735 764 2784; x_wconf 71' lang='lat' dir='ltr'><strong>lumbino</strong></span> <span class='ocrx_word' id='word_1_180' title='bbox 778 2737 820 2784; x_wconf 86' lang='lat' dir='ltr'><strong>luit</strong></span> <span class='ocrx_word' id='word_1_181' title='bbox 828 2741 952 2797; x_wconf 79' lang='lat' dir='ltr'><strong>suspectum</strong></span> <span class='ocrx_word' id='word_1_182' title='bbox 960 2753 1009 2786; x_wconf 77' lang='lat' dir='ltr'><strong>ver·</strong></span> 
     </span>
     <span class='ocr_line' id='line_1_26' title="bbox 139 2795 1008 2857; baseline 0 -13"><span class='ocrx_word' id='word_1_183' title='bbox 139 2797 316 2854; x_wconf 59' lang='lat' dir='ltr'><strong>unriureins,</strong></span> <span class='ocrx_word' id='word_1_184' title='bbox 333 2797 400 2856; x_wconf 89' lang='lat' dir='ltr'><strong>idque</strong></span> <span class='ocrx_word' id='word_1_185' title='bbox 413 2796 532 2842; x_wconf 85' lang='lat' dir='ltr'><strong>delendum</strong></span> <span class='ocrx_word' id='word_1_186' title='bbox 540 2800 579 2841; x_wconf 83' lang='lat' dir='ltr'><strong>sut</strong></span> <span class='ocrx_word' id='word_1_187' title='bbox 588 2796 773 2854; x_wconf 76' lang='lat' dir='ltr'><strong>transponendum</strong></span> <span class='ocrx_word' id='word_1_188' title='bbox 784 2797 813 2842; x_wconf 86' lang='lat' dir='ltr'><strong>ud</strong></span> <span class='ocrx_word' id='word_1_189' title='bbox 823 2795 902 2842; x_wconf 81' lang='lat' dir='ltr'><strong>tubello</strong></span> <span class='ocrx_word' id='word_1_190' title='bbox 912 2797 1008 2857; x_wconf 81' lang='lat' dir='ltr'><strong>putavit.</strong></span> 
     </span>
     <span class='ocr_line' id='line_1_27' title="bbox 140 2852 1010 2914; baseline -0.001 -12"><span class='ocrx_word' id='word_1_191' title='bbox 140 2855 227 2902; x_wconf 78' lang='lat' dir='ltr'><strong>Forma</strong></span> <span class='ocrx_word' id='word_1_192' title='bbox 238 2854 337 2911; x_wconf 78' lang='lat' dir='ltr'><strong>legitima</strong></span> <span class='ocrx_word' id='word_1_193' title='bbox 346 2859 380 2899; x_wconf 84' lang='lat' dir='ltr'><strong>est</strong></span> <span class='ocrx_word' id='word_1_194' title='bbox 389 2855 447 2914; x_wconf 79' lang='lat' dir='ltr'><strong>apud</strong></span> <span class='ocrx_word' id='word_1_195' title='bbox 458 2853 588 2899; x_wconf 81' lang='lat' dir='ltr'><strong>Ciceronem</strong></span> <span class='ocrx_word' id='word_1_196' title='bbox 598 2852 683 2909; x_wconf 73' lang='lat' dir='ltr'><strong>legibus</strong></span> <span class='ocrx_word' id='word_1_197' title='bbox 691 2869 717 2898; x_wconf 83' lang='lat' dir='ltr'><strong>nc</strong></span> <span class='ocrx_word' id='word_1_198' title='bbox 726 2853 789 2912; x_wconf 80' lang='lat' dir='ltr'><strong>jure.</strong></span> <span class='ocrx_word' id='word_1_199' title='bbox 821 2853 924 2900; x_wconf 80' lang='lat' dir='ltr'><strong>Fortasse</strong></span> <span class='ocrx_word' id='word_1_200' title='bbox 934 2861 1010 2902; x_wconf 85' lang='lat' dir='ltr'><strong>tamen</strong></span> 
     </span>
     <span class='ocr_line' id='line_1_28' title="bbox 140 2911 1011 2972; baseline 0.003 -15"><span class='ocrx_word' id='word_1_201' title='bbox 140 2927 222 2958; x_wconf 86' lang='lat' dir='ltr'><strong>verum</strong></span> <span class='ocrx_word' id='word_1_202' title='bbox 230 2917 271 2966; x_wconf 82' lang='lat' dir='ltr'><strong>est,</strong></span> <span class='ocrx_word' id='word_1_203' title='bbox 282 2911 461 2971; x_wconf 60' lang='lat' dir='ltr'><strong>legimjndlaio</strong></span> <span class='ocrx_word' id='word_1_204' title='bbox 470 2911 562 2968; x_wconf 74' lang='lat' dir='ltr'><strong>aanre.</strong></span> <span class='ocrx_word' id='word_1_205' title='bbox 579 2925 629 2956; x_wconf 85' lang='lat' dir='ltr'><strong>uum</strong></span> <span class='ocrx_word' id='word_1_206' title='bbox 638 2911 714 2970; x_wconf 79' lang='lat' dir='ltr'><strong>paullo</strong></span> <span class='ocrx_word' id='word_1_207' title='bbox 723 2916 772 2972; x_wconf 92' lang='lat' dir='ltr'><strong>post</strong></span> <span class='ocrx_word' id='word_1_208' title='bbox 781 2911 804 2958; x_wconf 93' lang='lat' dir='ltr'><strong>in</strong></span> <span class='ocrx_word' id='word_1_209' title='bbox 814 2913 891 2958; x_wconf 81' lang='lat' dir='ltr'><strong>eadem</strong></span> <span class='ocrx_word' id='word_1_210' title='bbox 901 2913 1011 2964; x_wconf 81' lang='lat' dir='ltr'><strong>reiudioii</strong></span> 
     </span>
     <span class='ocr_line' id='line_1_29' title="bbox 139 2969 1008 3032; baseline 0.001 -14"><span class='ocrx_word' id='word_1_211' title='bbox 139 2971 241 3018; x_wconf 85' lang='lat' dir='ltr'><strong>mentio:</strong></span> <span class='ocrx_word' id='word_1_212' title='bbox 256 2969 295 3014; x_wconf 86' lang='lat' dir='ltr'><strong>ltoc</strong></span> <span class='ocrx_word' id='word_1_213' title='bbox 308 2969 425 3028; x_wconf 72' lang='lat' dir='ltr'><strong>judicium</strong></span> <span class='ocrx_word' id='word_1_214' title='bbox 442 2970 606 3027; x_wconf 76' lang='lat' dir='ltr'><strong>appellabitur?</strong></span> <span class='ocrx_word' id='word_1_215' title='bbox 629 2969 652 3015; x_wconf 89' lang='lat' dir='ltr'><strong>in</strong></span> <span class='ocrx_word' id='word_1_216' title='bbox 668 2985 739 3032; x_wconf 90' lang='lat' dir='ltr'><strong>eoque</strong></span> <span class='ocrx_word' id='word_1_217' title='bbox 756 2971 1008 3032; x_wconf 76' lang='lat' dir='ltr'><strong>maximenititururgu·</strong></span> 
     </span>
     <span class='ocr_line' id='line_1_30' title="bbox 139 3028 258 3075; baseline -0.017 0"><span class='ocrx_word' id='word_1_218' title='bbox 139 3028 258 3075; x_wconf 83' lang='lat' dir='ltr'><strong>mentatio.</strong></span> 
     </span>
    </p>
   </div>
   <div class='ocr_carea' id='block_1_5' title="bbox 20 3105 1018 3630">
    <p class='ocr_par' dir='ltr' id='par_1_5' title="bbox 173 3105 1010 3168">
     <span class='ocr_line' id='line_1_31' title="bbox 173 3105 1010 3168; baseline 0.002 -16"><span class='ocrx_word' id='word_1_219' title='bbox 173 3107 197 3138; x_wconf 59' lang='grc' dir='ltr'><strong>’ὅ</strong></span> <span class='ocrx_word' id='word_1_220' title='bbox 211 3105 344 3153; x_wconf 64' lang='lat' dir='ltr'><strong>mannitus</strong></span> <span class='ocrx_word' id='word_1_221' title='bbox 360 3122 378 3153; x_wconf 82' lang='lat' dir='ltr'><strong>e.</strong></span> <span class='ocrx_word' id='word_1_222' title='bbox 396 3121 415 3154; x_wconf 84' lang='lat' dir='ltr'><strong>e.</strong></span> <span class='ocrx_word' id='word_1_223' title='bbox 431 3111 472 3154; x_wconf 86' lang='lat' dir='ltr'><strong>aut</strong></span> <span class='ocrx_word' id='word_1_224' title='bbox 487 3107 654 3163; x_wconf 70' lang='lat' dir='ltr'><strong>trepidantius,</strong></span> <span class='ocrx_word' id='word_1_225' title='bbox 669 3107 723 3168; x_wconf 77' lang='lat' dir='ltr'><strong>ete]</strong></span> <span class='ocrx_word' id='word_1_226' title='bbox 755 3108 864 3156; x_wconf 78' lang='lat' dir='ltr'><strong>Graevius</strong></span> <span class='ocrx_word' id='word_1_227' title='bbox 873 3105 1010 3154; x_wconf 86' lang='lat' dir='ltr'><strong>exunoMr.</strong></span> 
     </span>
    </p>

    <p class='ocr_par' dir='ltr' id='par_1_6' title="bbox 140 3164 1012 3226">
     <span class='ocr_line' id='line_1_32' title="bbox 140 3164 1012 3226; baseline 0.002 -16"><span class='ocrx_word' id='word_1_228' title='bbox 140 3164 224 3211; x_wconf 83' lang='lat' dir='ltr'><strong>Fruue.</strong></span> <span class='ocrx_word' id='word_1_229' title='bbox 236 3164 299 3210; x_wconf 87' lang='lat' dir='ltr'><strong>dedit</strong></span> <span class='ocrx_word' id='word_1_230' title='bbox 307 3166 375 3211; x_wconf 80' lang='lat' dir='ltr'><strong>tund</strong></span> <span class='ocrx_word' id='word_1_231' title='bbox 387 3165 453 3212; x_wconf 84' lang='lat' dir='ltr'><strong>mule.</strong></span> <span class='ocrx_word' id='word_1_232' title='bbox 486 3166 601 3210; x_wconf 81' lang='lat' dir='ltr'><strong>Sententia</strong></span> <span class='ocrx_word' id='word_1_233' title='bbox 609 3171 643 3212; x_wconf 85' lang='lat' dir='ltr'><strong>est</strong></span> <span class='ocrx_word' id='word_1_234' title='bbox 651 3167 722 3212; x_wconf 81' lang='lat' dir='ltr'><strong>bueo:</strong></span> <span class='ocrx_word' id='word_1_235' title='bbox 738 3181 782 3212; x_wconf 91' lang='lat' dir='ltr'><strong>non</strong></span> <span class='ocrx_word' id='word_1_236' title='bbox 792 3167 834 3212; x_wconf 89' lang='lat' dir='ltr'><strong>boc</strong></span> <span class='ocrx_word' id='word_1_237' title='bbox 844 3171 884 3222; x_wconf 69' lang='lat' dir='ltr'><strong>est,</strong></span> <span class='ocrx_word' id='word_1_238' title='bbox 895 3167 953 3226; x_wconf 89' lang='lat' dir='ltr'><strong>quod</strong></span> <span class='ocrx_word' id='word_1_239' title='bbox 962 3179 1012 3225; x_wconf 82' lang='lat' dir='ltr'><strong>pro·</strong></span> 
     </span>
    </p>

    <p class='ocr_par' dir='ltr' id='par_1_7' title="bbox 20 3222 1012 3342">
     <span class='ocr_line' id='line_1_33' title="bbox 20 3222 1011 3291; baseline 0 -23"><span class='ocrx_word' id='word_1_240' title='bbox 20 3237 41 3276; x_wconf 57' lang='lat' dir='ltr'><strong>t,</strong></span> <span class='ocrx_word' id='word_1_241' title='bbox 137 3223 191 3284; x_wconf 83' lang='lat' dir='ltr'><strong>pris</strong></span> <span class='ocrx_word' id='word_1_242' title='bbox 200 3222 403 3280; x_wconf 84' lang='lat' dir='ltr'><strong>dicuturjudlciuru.</strong></span> <span class='ocrx_word' id='word_1_243' title='bbox 420 3237 522 3269; x_wconf 85' lang='lat' dir='ltr'><strong>uumuou</strong></span> <span class='ocrx_word' id='word_1_244' title='bbox 532 3222 657 3268; x_wconf 82' lang='lat' dir='ltr'><strong>criminibus</strong></span> <span class='ocrx_word' id='word_1_245' title='bbox 667 3227 706 3268; x_wconf 86' lang='lat' dir='ltr'><strong>sut</strong></span> <span class='ocrx_word' id='word_1_246' title='bbox 713 3223 870 3291; x_wconf 77' lang='lat' dir='ltr'><strong>suspicionibus</strong></span> <span class='ocrx_word' id='word_1_247' title='bbox 879 3237 914 3268; x_wconf 89' lang='lat' dir='ltr'><strong>res</strong></span> <span class='ocrx_word' id='word_1_248' title='bbox 924 3222 1011 3284; x_wconf 76' lang='lat' dir='ltr'><strong>agitur5</strong></span> 
     </span>
     <span class='ocr_line' id='line_1_34' title="bbox 139 3280 1012 3342; baseline 0 -14"><span class='ocrx_word' id='word_1_249' title='bbox 139 3281 183 3328; x_wconf 84' lang='lat' dir='ltr'><strong>aed</strong></span> <span class='ocrx_word' id='word_1_250' title='bbox 193 3281 252 3328; x_wconf 82' lang='lat' dir='ltr'><strong>tacte</strong></span> <span class='ocrx_word' id='word_1_251' title='bbox 261 3282 368 3339; x_wconf 72' lang='lat' dir='ltr'><strong>eiusmodi</strong></span> <span class='ocrx_word' id='word_1_252' title='bbox 377 3283 525 3342; x_wconf 85' lang='lat' dir='ltr'><strong>proteruntur,</strong></span> <span class='ocrx_word' id='word_1_253' title='bbox 535 3280 567 3324; x_wconf 83' lang='lat' dir='ltr'><strong>its</strong></span> <span class='ocrx_word' id='word_1_254' title='bbox 586 3285 655 3332; x_wconf 73' lang='lat' dir='ltr'><strong>certe,</strong></span> <span class='ocrx_word' id='word_1_255' title='bbox 676 3285 701 3325; x_wconf 91' lang='lat' dir='ltr'><strong>ut</strong></span> <span class='ocrx_word' id='word_1_256' title='bbox 713 3280 799 3337; x_wconf 81' lang='lat' dir='ltr'><strong>juducio</strong></span> <span class='ocrx_word' id='word_1_257' title='bbox 817 3295 861 3326; x_wconf 93' lang='lat' dir='ltr'><strong>nou</strong></span> <span class='ocrx_word' id='word_1_258' title='bbox 880 3280 909 3326; x_wconf 84' lang='lat' dir='ltr'><strong>sit</strong></span> <span class='ocrx_word' id='word_1_259' title='bbox 918 3280 1012 3340; x_wconf 68' lang='lat' dir='ltr'><strong>opunin</strong></span> 
     </span>
    </p>

    <p class='ocr_par' dir='ltr' id='par_1_8' title="bbox 132 3338 1018 3630">
     <span class='ocr_line' id='line_1_35' title="bbox 136 3338 1013 3443; baseline 0.003 -59"><span class='ocrx_word' id='word_1_260' title='bbox 136 3339 220 3443; x_wconf 58' lang='lat' dir='ltr'><strong>ffius</strong></span> <span class='ocrx_word' id='word_1_261' title='bbox 227 3345 461 3410; x_wconf 36' lang='lat' dir='ltr'><strong>argumentatio-entra</strong></span> <span class='ocrx_word' id='word_1_262' title='bbox 468 3341 533 3398; x_wconf 84' lang='lat' dir='ltr'><strong>parte</strong></span> <span class='ocrx_word' id='word_1_263' title='bbox 540 3339 576 3383; x_wconf 85' lang='lat' dir='ltr'><strong>vel</strong></span> <span class='ocrx_word' id='word_1_264' title='bbox 584 3339 613 3382; x_wconf 82' lang='lat' dir='ltr'><strong>ad</strong></span> <span class='ocrx_word' id='word_1_265' title='bbox 621 3339 767 3408; x_wconf 76' lang='lat' dir='ltr'><strong>securandum</strong></span> <span class='ocrx_word' id='word_1_266' title='bbox 773 3338 810 3406; x_wconf 77' lang='lat' dir='ltr'><strong>vel</strong></span> <span class='ocrx_word' id='word_1_267' title='bbox 818 3339 847 3385; x_wconf 86' lang='lat' dir='ltr'><strong>ad</strong></span> <span class='ocrx_word' id='word_1_268' title='bbox 854 3339 1013 3408; x_wconf 65' lang='lat' dir='ltr'><strong>defendendum</strong></span> 
     </span>
     <span class='ocr_line' id='line_1_36' title="bbox 136 3395 1014 3523; baseline 0.002 -21"><span class='ocrx_word' id='word_1_269' title='bbox 136 3397 551 3517; x_wconf 48' lang='lat' dir='ltr'><strong>sibdiutltlbb‘lt</strong></span> <span class='ocrx_word' id='word_1_270' title='bbox 560 3395 814 3523; x_wconf 51' lang='lat' dir='ltr'><strong>&amp;tributim</strong></span> <span class='ocrx_word' id='word_1_271' title='bbox 825 3397 1014 3516; x_wconf 42' lang='lat' dir='ltr'><strong>iiiiii&amp;</strong></span> 
     </span>
     <span class='ocr_line' id='line_1_37' title="bbox 132 3512 1018 3630; baseline 0 -68"><span class='ocrx_word' id='word_1_272' title='bbox 132 3513 292 3630; x_wconf 46' lang='grc' dir='ltr'><strong>ῗξέιωεωτὶ</strong></span> <span class='ocrx_word' id='word_1_273' title='bbox 301 3513 410 3562; x_wconf 69' lang='lat' dir='ltr'><strong>semlelli</strong></span> <span class='ocrx_word' id='word_1_274' title='bbox 417 3517 520 3576; x_wconf 72' lang='lat' dir='ltr'><strong>possuntt</strong></span> <span class='ocrx_word' id='word_1_275' title='bbox 536 3512 601 3574; x_wconf 86' lang='lat' dir='ltr'><strong>eique</strong></span> <span class='ocrx_word' id='word_1_276' title='bbox 610 3517 729 3574; x_wconf 87' lang='lat' dir='ltr'><strong>oppomtur</strong></span> <span class='ocrx_word' id='word_1_277' title='bbox 740 3517 790 3576; x_wconf 86' lang='lat' dir='ltr'><strong>post</strong></span> <span class='ocrx_word' id='word_1_278' title='bbox 798 3513 933 3575; x_wconf 73' lang='lat' dir='ltr'><strong>suntsfin&#39;nm</strong></span> <span class='ocrx_word' id='word_1_279' title='bbox 942 3514 1018 3561; x_wconf 52' lang='lat' dir='ltr'><strong>nnn&amp;</strong></span> 
     </span>
    </p>
   </div>
   <div class='ocr_carea' id='block_1_6' title="bbox 0 0 1256 4212">
    <p class='ocr_par' dir='ltr' id='par_1_9' title="bbox 0 0 1256 4212">
     <span class='ocr_line' id='line_1_38' title="bbox 0 0 1256 4212; baseline 0 0"><span class='ocrx_word' id='word_1_280' title='bbox 0 0 1256 4212; x_wconf 95' lang='lat' dir='ltr'><strong> </strong></span> 
     </span>
    </p>
   </div>
  </div>
 </body>
</html>
