2428 4212
370 323 442 372 rer.
459 323 490 373 u.
505 323 604 374 cusa
617 325 769 379 ausurus.
931 331 994 394 230

128 467 300 542 prodendae.
341 470 390 530 Er
411 471 458 530 his
479 491 534 549 ego
556 475 639 534 rebus
658 475 801 545 omnibus,
812 474 941 550 judices,
953 475 997 534 ita

127 567 199 624 milri
227 570 298 626 deos
325 588 425 630 ornnes
450 573 588 646 propitios
611 591 675 632 esse
703 575 805 643 velim,
826 581 867 644 nt,
880 573 998 634 tametsi

129 665 428 740 mihijucundissimus
438 677 483 730 est
493 673 586 730 honos
595 674 999 750 populi,tamennequaqusm

129 767 240 824 tantum
268 767 354 840 capio
381 771 549 844 voluptatis,
575 777 713 847 quantum
739 773 944 832 sollicitudinis
967 776 999 830 et

127 864 243 933 laboris,
262 872 295 925 ut
308 869 382 928 haec
404 870 468 944 ipsa
488 871 632 940 aedilitas,
645 890 705 930 non
724 873 792 947 quia
805 872 1000 931 necassetue·

127 961 174 1031 rit,
187 964 278 1024 alicui
286 968 444 1026 candidato
456 970 534 1038 data,
544 971 680 1047 sed,quia
690 971 735 1030 sic
744 971 912 1045 oportuerit,
919 975 1000 1030 recta

130 1065 285 1132 collocata,
299 1069 330 1122 et
347 1066 461 1138 judicio
476 1069 576 1141 populi
592 1069 624 1126 in
637 1073 703 1130 loco
717 1071 811 1144 posita
823 1087 888 1128 esse
901 1069 1001 1128 videa·
1087 1077 1092 1084 “

132 1165 187 1221 tur.
244 1163 303 1230 Tu,
330 1181 398 1222 cum
424 1183 503 1222 esses
529 1173 643 1240 praetor
674 1170 862 1237 renuntiatus,
889 1173 1052 1244 quoquolfi

133 1261 234 1330 mod03
254 1258 353 1339 (mitto
365 1263 445 1323 enim
455 1271 486 1322 et
499 1271 658 1339 praetereo,
668 1267 736 1341 quid
748 1273 810 1324 tum
822 1268 862 1324 ait
875 1263 1002 1344 actum)

133 1359 187 1416 sed
199 1377 266 1418 cum
279 1379 358 1422 esses
372 1365 561 1433 renuntiatus,
575 1370 607 1423 ut
619 1365 691 1434 dixi,
705 1383 763 1423 non
776 1366 840 1439 ipsa
852 1363 1004 1438 praeconis

132 1471 208 1514 voce
226 1459 370 1520 excitatus
394 1481 436 1531 es,
459 1463 509 1539 qui
530 1469 560 1522 te
573 1462 712 1522 ⁴⁵sorrss
728 1481 885 1523 scarorum
900 1479 1004 1520 surus·

132 1575 263 1624 sunaus
277 1578 442 1620 onarunus
458 1581 531 1620 mno
541 1567 669 1621 nonore
679 1581 784 1620 arrrcr
795 1561 1005 1636 pronuntiavit,

133 1663 164 1716 ut
178 1659 234 1715 hoo
260 1664 384 1731 putares,
398 1662 525 1736 aliquam
548 1661 726 1736 reipublicae
750 1666 862 1734 partem
876 1661 930 1718 tibi
942 1677 1005 1718 ore·

135 1753 250 1814 ditatu?
269 1775 378 1814 annum
399 1759 454 1816 tibi
476 1759 559 1817 illum
570 1777 659 1818 unum
671 1761 759 1817 domo
771 1761 928 1816 carendum
939 1775 1004 1816 ease

135 1853 320 1913 meretricis?
339 1874 407 1914 cum
431 1857 484 1914 tibi
507 1863 584 1914 sorte
605 1857 767 1930 obtigisset,
781 1862 812 1914 ut
818 1858 869 1932 jus
881 1855 1005 1924 diceres,

133 1958 273 2028 quantum
283 1954 403 2028 negotii,
417 1954 485 2030 quid
503 1955 600 2012 oneris
613 1956 745 2023 haberes,
758 1970 914 2028 numquam
926 1951 1006 2027 cogi·

134 2052 220 2110 tasti:
240 2071 335 2127 neque
355 2054 428 2110 illud
450 2053 570 2110 rationis
590 2051 727 2120 habuisti,
740 2052 767 2108 si
780 2052 853 2110 l'orte
866 2069 1005 2126 experge-

133 2150 229 2207 lacere
243 2155 273 2207 te
286 2167 393 2223 posses,
406 2167 473 2208 earn
483 2149 675 2224 provinciam,
683 2167 769 2225 quam
780 2150 853 2208 tueri
864 2150 1005 2224 singulari

135 2248 280 2322 sapientia
293 2253 379 2322 atque
393 2248 562 2322 integritate
580 2248 701 2306 difficile
715 2253 801 2314 esset,
815 2249 853 2309 ad
865 2265 1007 2308 summam

139 2346 292 2404 stultitiam
313 2344 527 2420 nequitiamque
550 2343 694 2404 venissel
714 2346 817 2420 ltaque
839 2362 900 2403 non
920 2347 1023 2404 modo·

137 2448 224 2506 domo
245 2451 294 2503 tua
315 2443 508 2502 Chelidonem
521 2444 554 2502 in
567 2449 700 2519 praetura
712 2447 866 2504 extrudere
880 2445 1009 2514 noluisti,

137 2545 235 2604 sedin
248 2542 418 2603 Chelidonis
431 2545 549 2602 domum
562 2549 724 2616 praetruam
732 2548 812 2602 tuam
825 2549 916 2602 totam
928 2546 1009 2603 delu-

140 2644 210 2702 listi.
253 2645 362 2700 Secuta
383 2641 537 2716 provincia
560 2647 622 2698 est:
641 2641 674 2698 in
698 2658 755 2716 qua
780 2642 835 2699 tihi
854 2661 1010 2719 numquam

141 2742 270 2802 venitin
281 2745 418 2808 mentem,
432 2757 491 2796 non
505 2739 559 2796 libi
569 2739 680 2796 idcirco
697 2738 790 2796 fasces
799 2743 831 2796 et
841 2757 967 2809 secures,
979 2745 1011 2800 et

141 2846 254 2901 mamm
271 2839 471 2913 imperitum,
493 2836 687 2913 ⁴“tantamque
706 2843 939 2898 ornamentorum
951 2857 1012 2900 om·

141 2941 224 2999 nium
242 2939 415 3013 dignitatem
438 2938 546 3002 datam,
558 2943 590 2993 ut
604 2955 703 2994 samm
716 2955 811 2994 rerum
825 2938 857 2995 vi
871 2944 902 2996 et
914 2945 1012 3000 auclo-

141 3040 230 3098 ritate
243 3038 340 3095 omnia
355 3037 489 3112 repagula
498 3036 581 3111 juris,
595 3037 720 3112 pudoris,
734 3043 765 3094 et
782 3038 872 3095 officii
892 3040 1011 3113 pertrin-

142 3155 235 3213 geres,
247 3143 279 3194 ut
291 3136 420 3194 omnium
435 3138 510 3192 bona
524 3137 658 3207 praedam
672 3141 751 3192 aram
764 3139 894 3203 duceres,
904 3139 1012 3198 nullius

143 3255 190 3296 res
205 3241 274 3302 tuta,
295 3235 400 3292 nullius
412 3237 514 3291 domus
528 3235 635 3300 clausa,
649 3234 756 3291 nullius
770 3235 833 3292 vita
847 3241 938 3308 septa,
951 3239 1014 3296 nul·

143 3336 201 3395 lius
233 3333 374 3408 pudicitia
400 3332 511 3390 munita
541 3337 642 3388 contra
671 3335 750 3388 tuam
773 3333 961 3406 cupiditatem
982 3341 1014 3394 et

176 3485 199 3519 ⁴⁵
212 3487 272 3532 toties
281 3511 291 3520 -
300 3511 306 3520 ·
316 3483 492 3546 mundana]
524 3483 619 3546 Nempe,
636 3485 804 3549 uniusmjusque
819 3488 939 3546 muriae,
957 3503 1015 3551 quae

144 3545 242 3594 Verrem
254 3551 355 3600 creasset,
366 3544 493 3602 suffragium
501 3543 662 3605 pronunciavit,
672 3545 773 3608 adeoque
781 3547 865 3596 centies
873 3547 975 3610 amplius.

178 3621 739 3686 *mmmmmd'guldiinlnsdz
