<?xml version="1.0" encoding="UTF-8"?>
<!DOCTYPE html PUBLIC "-//W3C//DTD XHTML 1.0 Transitional//EN"
    "http://www.w3.org/TR/xhtml1/DTD/xhtml1-transitional.dtd">
<html xmlns="http://www.w3.org/1999/xhtml" xml:lang="en" lang="en">
 <head>
  <title>
</title>
<meta http-equiv="Content-Type" content="text/html;charset=utf-8" />
  <meta name='ocr-system' content='tesseract 3.04.00' />
  <meta name='ocr-capabilities' content='ocr_page ocr_carea ocr_par ocr_line ocrx_word'/>
</head>
<body>
  <div class='ocr_page' id='page_1' title='image "./mtvlliiciceroni10cicegoog_0123.png"; bbox 0 0 2438 4206; ppageno 0'>
   <div class='ocr_carea' id='block_1_1' title="bbox 227 377 750 451">
    <p class='ocr_par' dir='ltr' id='par_1_1' title="bbox 227 377 750 451">
     <span class='ocr_line' id='line_1_1' title="bbox 227 377 750 451; baseline -0.002 -23"><span class='ocrx_word' id='word_1_1' title='bbox 227 391 270 451; x_wconf 73' lang='lat'><strong>94</strong></span> <span class='ocrx_word' id='word_1_2' title='bbox 505 415 509 420; x_wconf 82' lang='lat'><strong>.</strong></span> <span class='ocrx_word' id='word_1_3' title='bbox 557 377 593 428; x_wconf 72' lang='lat' dir='ltr'><strong>lli</strong></span> <span class='ocrx_word' id='word_1_4' title='bbox 607 377 750 430; x_wconf 72' lang='lat' dir='ltr'>VERREM</span> 
     </span>
    </p>
   </div>
   <div class='ocr_carea' id='block_1_2' title="bbox 228 507 1100 608">
    <p class='ocr_par' dir='ltr' id='par_1_2' title="bbox 228 507 1100 608">
     <span class='ocr_line' id='line_1_2' title="bbox 228 507 1100 608; baseline -0.007 -18"><span class='ocrx_word' id='word_1_5' title='bbox 228 531 304 608; x_wconf 87' lang='lat' dir='ltr'><strong>quod</strong></span> <span class='ocrx_word' id='word_1_6' title='bbox 327 528 485 589; x_wconf 90' lang='lat' dir='ltr'><strong>aratoribus</strong></span> <span class='ocrx_word' id='word_1_7' title='bbox 508 530 654 588; x_wconf 89' lang='lat' dir='ltr'><strong>solveret:</strong></span> <span class='ocrx_word' id='word_1_8' title='bbox 669 507 708 585; x_wconf 45' lang='lat' dir='ltr'><strong>&#39;in</strong></span> <span class='ocrx_word' id='word_1_9' title='bbox 727 527 831 603; x_wconf 73' lang='lat' dir='ltr'><strong>alteras</strong></span> <span class='ocrx_word' id='word_1_10' title='bbox 851 523 989 584; x_wconf 87' lang='lat' dir='ltr'><strong>decumas</strong></span> <span class='ocrx_word' id='word_1_11' title='bbox 1009 523 1100 584; x_wconf 81' lang='lat' dir='ltr'><strong>ferme</strong></span> 
     </span>
    </p>
   </div>
   <div class='ocr_carea' id='block_1_3' title="bbox 78 623 1209 3260">
    <p class='ocr_par' dir='ltr' id='par_1_3' title="bbox 143 623 1209 1684">
     <span class='ocr_line' id='line_1_3' title="bbox 230 623 1100 705; baseline -0.007 -17"><span class='ocrx_word' id='word_1_12' title='bbox 230 631 269 688; x_wconf 88' lang='lat' dir='ltr'><strong>ad</strong></span> <span class='ocrx_word' id='word_1_13' title='bbox 292 630 442 705; x_wconf 79' lang='lat' dir='ltr'><strong>nonagies.</strong></span> <span class='ocrx_word' id='word_1_14' title='bbox 476 627 520 686; x_wconf 92' lang='lat' dir='ltr'><strong>sic</strong></span> <span class='ocrx_word' id='word_1_15' title='bbox 544 645 594 703; x_wconf 91' lang='lat' dir='ltr'><strong>per</strong></span> <span class='ocrx_word' id='word_1_16' title='bbox 617 624 774 684; x_wconf 82' lang='lat' dir='ltr'>triennium</span> <span class='ocrx_word' id='word_1_17' title='bbox 797 625 833 682; x_wconf 85' lang='lat' dir='ltr'><strong>sd</strong></span> <span class='ocrx_word' id='word_1_18' title='bbox 858 623 945 686; x_wconf 65' lang='lat' dir='ltr'><strong>hanc.</strong></span> <span class='ocrx_word' id='word_1_19' title='bbox 963 623 1100 682; x_wconf 79' lang='lat' dir='ltr'><strong>frumenti</strong></span> 
     </span>
     <span class='ocr_line' id='line_1_4' title="bbox 228 723 1097 800; baseline -0.006 -15"><span class='ocrx_word' id='word_1_20' title='bbox 228 727 387 787; x_wconf 82' lang='lat' dir='ltr'><strong>emtionem</strong></span> <span class='ocrx_word' id='word_1_21' title='bbox 402 727 589 786; x_wconf 80' lang='lat' dir='ltr'><strong>Siciliensem</strong></span> <span class='ocrx_word' id='word_1_22' title='bbox 611 743 699 800; x_wconf 90' lang='lat' dir='ltr'><strong>prope</strong></span> <span class='ocrx_word' id='word_1_23' title='bbox 713 724 825 783; x_wconf 78' lang='lat' dir='ltr'><strong>centies</strong></span> <span class='ocrx_word' id='word_1_24' title='bbox 840 727 871 780; x_wconf 85' lang='lat' dir='ltr'><strong>et</strong></span> <span class='ocrx_word' id='word_1_25' title='bbox 885 723 986 782; x_wconf 87' lang='lat' dir='ltr'><strong>tricies</strong></span> <span class='ocrx_word' id='word_1_26' title='bbox 995 741 1097 798; x_wconf 67' lang='lat' dir='ltr'><strong>&#39;eroga-</strong></span> 
     </span>
     <span class='ocr_line' id='line_1_5' title="bbox 228 822 1097 900; baseline -0.006 -16"><span class='ocrx_word' id='word_1_27' title='bbox 228 829 290 885; x_wconf 88' lang='lat' dir='ltr'><strong>tum</strong></span> <span class='ocrx_word' id='word_1_28' title='bbox 303 831 357 885; x_wconf 91' lang='lat' dir='ltr'><strong>est.</strong></span> <span class='ocrx_word' id='word_1_29' title='bbox 398 829 484 886; x_wconf 86' lang='lat' dir='ltr'><strong>Hanc</strong></span> <span class='ocrx_word' id='word_1_30' title='bbox 508 824 662 900; x_wconf 90' lang='lat' dir='ltr'><strong>pecuniam</strong></span> <span class='ocrx_word' id='word_1_31' title='bbox 684 827 804 890; x_wconf 74' lang='lat' dir='ltr'><strong>tantam</strong></span> <span class='ocrx_word' id='word_1_32' title='bbox 818 822 916 880; x_wconf 83' lang='lat' dir='ltr'><strong>datam</strong></span> <span class='ocrx_word' id='word_1_33' title='bbox 930 822 1039 898; x_wconf 17' lang='lat' dir='ltr'><strong>tibitex</strong></span> <span class='ocrx_word' id='word_1_34' title='bbox 1052 839 1097 880; x_wconf 87' lang='lat' dir='ltr'><strong>ae·</strong></span> 
     </span>
     <span class='ocr_line' id='line_1_6' title="bbox 228 919 1098 1000; baseline -0.006 -17"><span class='ocrx_word' id='word_1_35' title='bbox 228 926 304 983; x_wconf 86' lang='lat' dir='ltr'><strong>rario</strong></span> <span class='ocrx_word' id='word_1_36' title='bbox 317 925 398 1000; x_wconf 91' lang='lat' dir='ltr'><strong>inopi</strong></span> <span class='ocrx_word' id='word_1_37' title='bbox 412 931 497 1000; x_wconf 91' lang='lat' dir='ltr'><strong>atque</strong></span> <span class='ocrx_word' id='word_1_38' title='bbox 512 925 671 981; x_wconf 82' lang='lat' dir='ltr'><strong>exhausto:</strong></span> <span class='ocrx_word' id='word_1_39' title='bbox 692 923 789 979; x_wconf 88' lang='lat' dir='ltr'><strong>datam</strong></span> <span class='ocrx_word' id='word_1_40' title='bbox 801 921 839 977; x_wconf 85' lang='lat' dir='ltr'><strong>sd</strong></span> <span class='ocrx_word' id='word_1_41' title='bbox 849 919 1032 988; x_wconf 82' lang='lat' dir='ltr'><strong>trumentum,</strong></span> <span class='ocrx_word' id='word_1_42' title='bbox 1043 921 1098 978; x_wconf 92' lang='lat' dir='ltr'><strong>hoc</strong></span> 
     </span>
     <span class='ocr_line' id='line_1_7' title="bbox 229 1018 1099 1092; baseline -0.005 -12"><span class='ocrx_word' id='word_1_43' title='bbox 229 1027 282 1092; x_wconf 87' lang='lat' dir='ltr'><strong>est,</strong></span> <span class='ocrx_word' id='word_1_44' title='bbox 297 1023 333 1080; x_wconf 92' lang='lat' dir='ltr'><strong>ad</strong></span> <span class='ocrx_word' id='word_1_45' title='bbox 347 1023 552 1090; x_wconf 84' lang='lat' dir='ltr'><strong>necessitatem</strong></span> <span class='ocrx_word' id='word_1_46' title='bbox 566 1021 666 1079; x_wconf 88' lang='lat' dir='ltr'><strong>salutis</strong></span> <span class='ocrx_word' id='word_1_47' title='bbox 681 1024 712 1077; x_wconf 90' lang='lat' dir='ltr'><strong>et</strong></span> <span class='ocrx_word' id='word_1_48' title='bbox 728 1019 826 1076; x_wconf 84' lang='lat' dir='ltr'><strong>vitae:</strong></span> <span class='ocrx_word' id='word_1_49' title='bbox 848 1019 956 1087; x_wconf 90' lang='lat' dir='ltr'><strong>datam,</strong></span> <span class='ocrx_word' id='word_1_50' title='bbox 968 1023 1006 1084; x_wconf 40' lang='lat' dir='ltr'><strong>nt,</strong></span> <span class='ocrx_word' id='word_1_51' title='bbox 1017 1018 1099 1077; x_wconf 84' lang='lat' dir='ltr'><strong>Sicu-</strong></span> 
     </span>
     <span class='ocr_line' id='line_1_8' title="bbox 227 1117 1098 1195; baseline -0.002 -17"><span class='ocrx_word' id='word_1_52' title='bbox 227 1119 265 1178; x_wconf 91' lang='lat' dir='ltr'><strong>lis</strong></span> <span class='ocrx_word' id='word_1_53' title='bbox 279 1121 445 1188; x_wconf 85' lang='lat' dir='ltr'><strong>aratoribus,</strong></span> <span class='ocrx_word' id='word_1_54' title='bbox 459 1120 562 1195; x_wconf 91' lang='lat' dir='ltr'><strong>quibus</strong></span> <span class='ocrx_word' id='word_1_55' title='bbox 577 1125 658 1177; x_wconf 90' lang='lat' dir='ltr'><strong>tanta</strong></span> <span class='ocrx_word' id='word_1_56' title='bbox 677 1135 766 1186; x_wconf 86' lang='lat' dir='ltr'><strong>onera</strong></span> <span class='ocrx_word' id='word_1_57' title='bbox 786 1117 949 1192; x_wconf 81' lang='lat' dir='ltr'><strong>respublica</strong></span> <span class='ocrx_word' id='word_1_58' title='bbox 969 1117 1098 1192; x_wconf 88' lang='lat' dir='ltr'><strong>impone-</strong></span> 
     </span>
     <span class='ocr_line' id='line_1_9' title="bbox 228 1203 1096 1294; baseline -0.002 -18"><span class='ocrx_word' id='word_1_59' title='bbox 228 1223 282 1286; x_wconf 90' lang='lat' dir='ltr'><strong>ret,</strong></span> <span class='ocrx_word' id='word_1_60' title='bbox 303 1203 551 1276; x_wconf 59' lang='lat' dir='ltr'><strong>solveretursabs</strong></span> <span class='ocrx_word' id='word_1_61' title='bbox 571 1223 600 1275; x_wconf 92' lang='lat' dir='ltr'><strong>te</strong></span> <span class='ocrx_word' id='word_1_62' title='bbox 622 1218 665 1276; x_wconf 92' lang='lat' dir='ltr'><strong>sic</strong></span> <span class='ocrx_word' id='word_1_63' title='bbox 689 1203 847 1274; x_wconf 82' lang='lat' dir='ltr'><strong>laceratam</strong></span> <span class='ocrx_word' id='word_1_64' title='bbox 868 1233 944 1294; x_wconf 33' lang='lat' dir='ltr'><strong>esse·</strong></span> <span class='ocrx_word' id='word_1_65' title='bbox 960 1215 1037 1286; x_wconf 88' lang='lat' dir='ltr'><strong>dico,</strong></span> <span class='ocrx_word' id='word_1_66' title='bbox 1064 1220 1096 1274; x_wconf 90' lang='lat' dir='ltr'><strong>ut</strong></span> 
     </span>
     <span class='ocr_line' id='line_1_10' title="bbox 229 1315 1209 1392; baseline -0.003 -17"><span class='ocrx_word' id='word_1_67' title='bbox 229 1316 337 1391; x_wconf 88' lang='lat' dir='ltr'><strong>possim</strong></span> <span class='ocrx_word' id='word_1_68' title='bbox 357 1316 430 1374; x_wconf 92' lang='lat' dir='ltr'><strong>illud</strong></span> <span class='ocrx_word' id='word_1_69' title='bbox 442 1318 571 1392; x_wconf 89' lang='lat' dir='ltr'><strong>probare,</strong></span> <span class='ocrx_word' id='word_1_70' title='bbox 586 1316 612 1374; x_wconf 88' lang='lat' dir='ltr'><strong>si</strong></span> <span class='ocrx_word' id='word_1_71' title='bbox 625 1315 724 1385; x_wconf 89' lang='lat' dir='ltr'><strong>velim,</strong></span> <span class='ocrx_word' id='word_1_72' title='bbox 738 1331 855 1373; x_wconf 90' lang='lat' dir='ltr'><strong>omnem</strong></span> <span class='ocrx_word' id='word_1_73' title='bbox 869 1322 897 1376; x_wconf 88' lang='lat' dir='ltr'><strong>te</strong></span> <span class='ocrx_word' id='word_1_74' title='bbox 919 1315 996 1372; x_wconf 85' lang='lat' dir='ltr'><strong>hanc</strong></span> <span class='ocrx_word' id='word_1_75' title='bbox 1010 1331 1096 1388; x_wconf 87' lang='lat' dir='ltr'><strong>pecu·</strong></span> <span class='ocrx_word' id='word_1_76' title='bbox 1208 1355 1209 1364; x_wconf 51' lang='lat'><strong>.</strong></span> 
     </span>
     <span class='ocr_line' id='line_1_11' title="bbox 229 1412 1098 1480; baseline -0.003 -6"><span class='ocrx_word' id='word_1_77' title='bbox 229 1414 309 1474; x_wconf 90' lang='lat' dir='ltr'><strong>niam</strong></span> <span class='ocrx_word' id='word_1_78' title='bbox 322 1416 438 1474; x_wconf 91' lang='lat' dir='ltr'><strong>domum</strong></span> <span class='ocrx_word' id='word_1_79' title='bbox 452 1421 532 1473; x_wconf 83' lang='lat' dir='ltr'><strong>tuam</strong></span> <span class='ocrx_word' id='word_1_80' title='bbox 546 1414 694 1473; x_wconf 87' lang='lat' dir='ltr'><strong>avertisse.</strong></span> <span class='ocrx_word' id='word_1_81' title='bbox 719 1412 837 1480; x_wconf 85' lang='lat' dir='ltr'><strong>etenim,</strong></span> <span class='ocrx_word' id='word_1_82' title='bbox 851 1413 877 1470; x_wconf 87' lang='lat' dir='ltr'><strong>si</strong></span> <span class='ocrx_word' id='word_1_83' title='bbox 889 1413 966 1470; x_wconf 88' lang='lat' dir='ltr'><strong>hanc</strong></span> <span class='ocrx_word' id='word_1_84' title='bbox 982 1431 1044 1472; x_wconf 87' lang='lat' dir='ltr'><strong>rem</strong></span> <span class='ocrx_word' id='word_1_85' title='bbox 1057 1417 1098 1471; x_wconf 90' lang='lat' dir='ltr'><strong>to·</strong></span> 
     </span>
     <span class='ocr_line' id='line_1_12' title="bbox 228 1510 1099 1586; baseline -0.002 -14"><span class='ocrx_word' id='word_1_86' title='bbox 228 1518 290 1572; x_wconf 87' lang='lat' dir='ltr'><strong>tam</strong></span> <span class='ocrx_word' id='word_1_87' title='bbox 310 1513 526 1580; x_wconf 79' lang='lat' dir='ltr'><strong>administrasti,</strong></span> <span class='ocrx_word' id='word_1_88' title='bbox 536 1517 568 1568; x_wconf 91' lang='lat' dir='ltr'><strong>ut</strong></span> <span class='ocrx_word' id='word_1_89' title='bbox 579 1513 643 1578; x_wconf 93' lang='lat' dir='ltr'><strong>hoc,</strong></span> <span class='ocrx_word' id='word_1_90' title='bbox 657 1512 734 1585; x_wconf 86' lang='lat' dir='ltr'><strong>quod</strong></span> <span class='ocrx_word' id='word_1_91' title='bbox 746 1510 822 1578; x_wconf 90' lang='lat' dir='ltr'><strong>dico,</strong></span> <span class='ocrx_word' id='word_1_92' title='bbox 836 1511 950 1584; x_wconf 91' lang='lat' dir='ltr'><strong>probari</strong></span> <span class='ocrx_word' id='word_1_93' title='bbox 962 1511 1099 1586; x_wconf 84' lang='lat' dir='ltr'><strong>aequissi-</strong></span> 
     </span>
     <span class='ocr_line' id='line_1_13' title="bbox 143 1591 1101 1684; baseline 0.002 -17"><span class='ocrx_word' id='word_1_94' title='bbox 143 1591 144 1596; x_wconf 8' lang='grc' dir='ltr'>ἵ</span> <span class='ocrx_word' id='word_1_95' title='bbox 229 1627 278 1668; x_wconf 91' lang='lat' dir='ltr'><strong>mo</strong></span> <span class='ocrx_word' id='word_1_96' title='bbox 284 1610 379 1684; x_wconf 85' lang='lat' dir='ltr'><strong>judici</strong></span> <span class='ocrx_word' id='word_1_97' title='bbox 393 1609 492 1683; x_wconf 90' lang='lat' dir='ltr'><strong>possit.</strong></span> <span class='ocrx_word' id='word_1_98' title='bbox 536 1610 596 1666; x_wconf 89' lang='lat' dir='ltr'><strong>Sed</strong></span> <span class='ocrx_word' id='word_1_99' title='bbox 608 1625 664 1683; x_wconf 85' lang='lat' dir='ltr'><strong>ego</strong></span> <span class='ocrx_word' id='word_1_100' title='bbox 684 1609 797 1666; x_wconf 85' lang='lat' dir='ltr'><strong>habebo</strong></span> <span class='ocrx_word' id='word_1_101' title='bbox 817 1609 960 1668; x_wconf 90' lang='lat' dir='ltr'><strong>rationem</strong></span> <span class='ocrx_word' id='word_1_102' title='bbox 978 1611 1101 1668; x_wconf 82' lang='lat' dir='ltr'><strong>auctori·</strong></span> 
     </span>
    </p>

    <p class='ocr_par' dir='ltr' id='par_1_4' title="bbox 174 1695 1099 1980">
     <span class='ocr_line' id='line_1_14' title="bbox 174 1695 1099 1783; baseline 0.001 -17"><span class='ocrx_word' id='word_1_103' title='bbox 174 1753 180 1766; x_wconf 85' lang='lat'><strong>.</strong></span> <span class='ocrx_word' id='word_1_104' title='bbox 203 1757 207 1766; x_wconf 90' lang='lat'>.</span> <span class='ocrx_word' id='word_1_105' title='bbox 229 1707 298 1766; x_wconf 86' lang='lat' dir='ltr'><strong>tatis</strong></span> <span class='ocrx_word' id='word_1_106' title='bbox 321 1724 420 1766; x_wconf 90' lang='lat' dir='ltr'><strong>meae:</strong></span> <span class='ocrx_word' id='word_1_107' title='bbox 442 1706 610 1776; x_wconf 87' lang='lat' dir='ltr'><strong>meminero,</strong></span> <span class='ocrx_word' id='word_1_108' title='bbox 634 1723 690 1781; x_wconf 91' lang='lat' dir='ltr'><strong>quo</strong></span> <span class='ocrx_word' id='word_1_109' title='bbox 711 1695 817 1776; x_wconf 84' lang='lat' dir='ltr'><strong>animo,</strong></span> <span class='ocrx_word' id='word_1_110' title='bbox 841 1709 1041 1783; x_wconf 84' lang='lat' dir='ltr'><strong>quoconsilio</strong></span> <span class='ocrx_word' id='word_1_111' title='bbox 1062 1709 1099 1767; x_wconf 90' lang='lat' dir='ltr'><strong>ad</strong></span> 
     </span>
     <span class='ocr_line' id='line_1_15' title="bbox 229 1807 1099 1883; baseline 0 -17"><span class='ocrx_word' id='word_1_112' title='bbox 229 1821 347 1866; x_wconf 87' lang='lat' dir='ltr'><strong>causam</strong></span> <span class='ocrx_word' id='word_1_113' title='bbox 369 1807 516 1883; x_wconf 88' lang='lat' dir='ltr'><strong>publicam</strong></span> <span class='ocrx_word' id='word_1_114' title='bbox 537 1808 719 1866; x_wconf 87' lang='lat' dir='ltr'><strong>accesserim.</strong></span> <span class='ocrx_word' id='word_1_115' title='bbox 760 1807 830 1866; x_wconf 90' lang='lat' dir='ltr'><strong>Non</strong></span> <span class='ocrx_word' id='word_1_116' title='bbox 844 1823 928 1881; x_wconf 84' lang='lat' dir='ltr'><strong>agam</strong></span> <span class='ocrx_word' id='word_1_117' title='bbox 942 1812 1040 1866; x_wconf 88' lang='lat' dir='ltr'><strong>tecum</strong></span> <span class='ocrx_word' id='word_1_118' title='bbox 1053 1825 1099 1866; x_wconf 84' lang='lat' dir='ltr'><strong>ac·</strong></span> 
     </span>
     <span class='ocr_line' id='line_1_16' title="bbox 229 1899 1099 1980; baseline 0.001 -15"><span class='ocrx_word' id='word_1_119' title='bbox 229 1906 392 1966; x_wconf 83' lang='lat' dir='ltr'><strong>cusatorie:</strong></span> <span class='ocrx_word' id='word_1_120' title='bbox 412 1907 487 1965; x_wconf 90' lang='lat' dir='ltr'><strong>nihil</strong></span> <span class='ocrx_word' id='word_1_121' title='bbox 501 1899 622 1980; x_wconf 82' lang='lat' dir='ltr'><strong>fingam:</strong></span> <span class='ocrx_word' id='word_1_122' title='bbox 645 1905 718 1962; x_wconf 91' lang='lat' dir='ltr'><strong>nihil</strong></span> <span class='ocrx_word' id='word_1_123' title='bbox 729 1904 863 1980; x_wconf 89' lang='lat' dir='ltr'><strong>cuiquam</strong></span> <span class='ocrx_word' id='word_1_124' title='bbox 873 1907 988 1980; x_wconf 83' lang='lat' dir='ltr'><strong>probari</strong></span> <span class='ocrx_word' id='word_1_125' title='bbox 999 1907 1099 1976; x_wconf 86' lang='lat' dir='ltr'><strong>velim,</strong></span> 
     </span>
    </p>

    <p class='ocr_par' dir='ltr' id='par_1_5' title="bbox 78 2003 1100 2769">
     <span class='ocr_line' id='line_1_17' title="bbox 78 2003 1097 2079; baseline -0.002 -15"><span class='ocrx_word' id='word_1_126' title='bbox 78 2063 89 2078; x_wconf 77' lang='grc'>,</span> <span class='ocrx_word' id='word_1_127' title='bbox 159 2062 162 2068; x_wconf 89' lang='grc'><em>,</em></span> <span class='ocrx_word' id='word_1_128' title='bbox 230 2023 277 2064; x_wconf 89' lang='lat' dir='ltr'><strong>me</strong></span> <span class='ocrx_word' id='word_1_129' title='bbox 292 2005 419 2072; x_wconf 83' lang='lat' dir='ltr'><strong>(licente,</strong></span> <span class='ocrx_word' id='word_1_130' title='bbox 433 2006 507 2078; x_wconf 91' lang='lat' dir='ltr'><strong>quod</strong></span> <span class='ocrx_word' id='word_1_131' title='bbox 522 2020 582 2060; x_wconf 90' lang='lat' dir='ltr'><strong>non</strong></span> <span class='ocrx_word' id='word_1_132' title='bbox 595 2009 664 2060; x_wconf 89' lang='lat' dir='ltr'><strong>ante</strong></span> <span class='ocrx_word' id='word_1_133' title='bbox 683 2003 873 2079; x_wconf 88' lang='lat' dir='ltr'><strong>mihimetipsi</strong></span> <span class='ocrx_word' id='word_1_134' title='bbox 886 2005 1038 2078; x_wconf 85' lang='lat' dir='ltr'><strong>probatum</strong></span> <span class='ocrx_word' id='word_1_135' title='bbox 1051 2006 1097 2064; x_wconf 89' lang='lat' dir='ltr'><strong>sit.</strong></span> 
     </span>
     <span class='ocr_line' id='line_1_18' title="bbox 230 2101 1098 2180; baseline 0.005 -21"><span class='ocrx_word' id='word_1_136' title='bbox 230 2103 267 2160; x_wconf 91' lang='lat' dir='ltr'><strong>ln</strong></span> <span class='ocrx_word' id='word_1_137' title='bbox 280 2102 336 2159; x_wconf 87' lang='lat' dir='ltr'><strong>hac</strong></span> <span class='ocrx_word' id='word_1_138' title='bbox 350 2102 475 2176; x_wconf 86' lang='lat' dir='ltr'><strong>pecunia</strong></span> <span class='ocrx_word' id='word_1_139' title='bbox 493 2102 618 2174; x_wconf 91' lang='lat' dir='ltr'><strong>publica,</strong></span> <span class='ocrx_word' id='word_1_140' title='bbox 632 2101 758 2175; x_wconf 87' lang='lat' dir='ltr'><strong>judices,</strong></span> <span class='ocrx_word' id='word_1_141' title='bbox 777 2103 851 2161; x_wconf 85' lang='lat' dir='ltr'><strong>haec</strong></span> <span class='ocrx_word' id='word_1_142' title='bbox 867 2103 967 2162; x_wconf 91' lang='lat' dir='ltr'><strong>insunt</strong></span> <span class='ocrx_word' id='word_1_143' title='bbox 983 2105 1040 2162; x_wconf 89' lang='lat' dir='ltr'><strong>tria</strong></span> <span class='ocrx_word' id='word_1_144' title='bbox 1052 2124 1098 2180; x_wconf 80' lang='lat' dir='ltr'><strong>ge·</strong></span> 
     </span>
     <span class='ocr_line' id='line_1_19' title="bbox 233 2195 1100 2278; baseline 0.008 -22"><span class='ocrx_word' id='word_1_145' title='bbox 233 2195 305 2257; x_wconf 88' lang='lat' dir='ltr'><strong>nera</strong></span> <span class='ocrx_word' id='word_1_146' title='bbox 330 2199 476 2258; x_wconf 81' lang='lat' dir='ltr'><strong>furtorum.</strong></span> <span class='ocrx_word' id='word_1_147' title='bbox 511 2199 642 2272; x_wconf 90' lang='lat' dir='ltr'><strong>primum,</strong></span> <span class='ocrx_word' id='word_1_148' title='bbox 656 2216 723 2260; x_wconf 89' lang='lat' dir='ltr'><strong>cum</strong></span> <span class='ocrx_word' id='word_1_149' title='bbox 750 2202 845 2275; x_wconf 87' lang='lat' dir='ltr'><strong>posita</strong></span> <span class='ocrx_word' id='word_1_150' title='bbox 870 2208 947 2260; x_wconf 89' lang='lat' dir='ltr'><strong>esset</strong></span> <span class='ocrx_word' id='word_1_151' title='bbox 974 2204 1100 2278; x_wconf 78' lang='lat' dir='ltr'><strong>pecunia</strong></span> 
     </span>
     <span class='ocr_line' id='line_1_20' title="bbox 228 2297 1098 2371; baseline 0.006 -16"><span class='ocrx_word' id='word_1_152' title='bbox 228 2299 306 2371; x_wconf 90' lang='lat' dir='ltr'><strong>apud</strong></span> <span class='ocrx_word' id='word_1_153' title='bbox 318 2317 368 2356; x_wconf 85' lang='lat' dir='ltr'><strong>eas</strong></span> <span class='ocrx_word' id='word_1_154' title='bbox 381 2297 545 2366; x_wconf 81' lang='lat' dir='ltr'><strong>societates,</strong></span> <span class='ocrx_word' id='word_1_155' title='bbox 559 2300 635 2356; x_wconf 92' lang='lat' dir='ltr'><strong>unde</strong></span> <span class='ocrx_word' id='word_1_156' title='bbox 657 2304 720 2356; x_wconf 89' lang='lat' dir='ltr'><strong>erat</strong></span> <span class='ocrx_word' id='word_1_157' title='bbox 741 2299 887 2370; x_wconf 86' lang='lat' dir='ltr'><strong>attributa,</strong></span> <span class='ocrx_word' id='word_1_158' title='bbox 902 2299 977 2359; x_wconf 89' lang='lat' dir='ltr'><strong>binis</strong></span> <span class='ocrx_word' id='word_1_159' title='bbox 1000 2309 1098 2362; x_wconf 69' lang='lat' dir='ltr'><strong>cente</strong></span> 
     </span>
     <span class='ocr_line' id='line_1_21' title="bbox 228 2395 1094 2470; baseline 0.005 -16"><span class='ocrx_word' id='word_1_160' title='bbox 228 2395 310 2454; x_wconf 84' lang='lat' dir='ltr'><strong>simis</strong></span> <span class='ocrx_word' id='word_1_161' title='bbox 332 2398 494 2455; x_wconf 84' lang='lat' dir='ltr'><strong>foeneratos</strong></span> <span class='ocrx_word' id='word_1_162' title='bbox 521 2401 587 2455; x_wconf 89' lang='lat' dir='ltr'><strong>est:</strong></span> <span class='ocrx_word' id='word_1_163' title='bbox 616 2397 732 2466; x_wconf 91' lang='lat' dir='ltr'><strong>deinde,</strong></span> <span class='ocrx_word' id='word_1_164' title='bbox 745 2398 895 2470; x_wconf 87' lang='lat' dir='ltr'><strong>permultis</strong></span> <span class='ocrx_word' id='word_1_165' title='bbox 922 2400 1094 2460; x_wconf 86' lang='lat' dir='ltr'><strong>civitatibus</strong></span> 
     </span>
     <span class='ocr_line' id='line_1_22' title="bbox 227 2494 1100 2572; baseline 0.007 -20"><span class='ocrx_word' id='word_1_166' title='bbox 227 2512 280 2568; x_wconf 93' lang='lat' dir='ltr'><strong>pro</strong></span> <span class='ocrx_word' id='word_1_167' title='bbox 302 2494 445 2552; x_wconf 81' lang='lat' dir='ltr'><strong>frumento</strong></span> <span class='ocrx_word' id='word_1_168' title='bbox 470 2494 543 2552; x_wconf 89' lang='lat' dir='ltr'><strong>nihil</strong></span> <span class='ocrx_word' id='word_1_169' title='bbox 565 2495 655 2552; x_wconf 90' lang='lat' dir='ltr'><strong>solvit</strong></span> <span class='ocrx_word' id='word_1_170' title='bbox 675 2496 818 2566; x_wconf 75' lang='lat' dir='ltr'><strong>omnino:¹</strong></span> <span class='ocrx_word' id='word_1_171' title='bbox 837 2507 992 2572; x_wconf 89' lang='lat' dir='ltr'><strong>postremo,</strong></span> <span class='ocrx_word' id='word_1_172' title='bbox 1005 2500 1031 2556; x_wconf 91' lang='lat' dir='ltr'><strong>si</strong></span> <span class='ocrx_word' id='word_1_173' title='bbox 1050 2499 1100 2558; x_wconf 91' lang='lat' dir='ltr'><strong>cui</strong></span> 
     </span>
     <span class='ocr_line' id='line_1_23' title="bbox 228 2592 1099 2670; baseline 0.008 -20"><span class='ocrx_word' id='word_1_174' title='bbox 228 2592 347 2650; x_wconf 87' lang='lat' dir='ltr'><strong>civitati</strong></span> <span class='ocrx_word' id='word_1_175' title='bbox 362 2593 450 2652; x_wconf 88' lang='lat' dir='ltr'><strong>solvit</strong></span> <span class='ocrx_word' id='word_1_176' title='bbox 458 2612 468 2666; x_wconf 81' lang='lat'>3</span> <span class='ocrx_word' id='word_1_177' title='bbox 489 2597 601 2652; x_wconf 89' lang='lat' dir='ltr'><strong>tantum</strong></span> <span class='ocrx_word' id='word_1_178' title='bbox 614 2594 749 2663; x_wconf 85' lang='lat' dir='ltr'><strong>detraxit,</strong></span> <span class='ocrx_word' id='word_1_179' title='bbox 764 2601 902 2670; x_wconf 87' lang='lat' dir='ltr'><strong>quantum</strong></span> <span class='ocrx_word' id='word_1_180' title='bbox 914 2599 1099 2669; x_wconf 82' lang='lat' dir='ltr'><strong>commodum</strong></span> 
     </span>
     <span class='ocr_line' id='line_1_24' title="bbox 228 2691 885 2769; baseline 0 -19"><span class='ocrx_word' id='word_1_181' title='bbox 228 2691 301 2751; x_wconf 86' lang='lat' dir='ltr'><strong>luit:</strong></span> <span class='ocrx_word' id='word_1_182' title='bbox 321 2693 404 2762; x_wconf 89' lang='lat' dir='ltr'><strong>nulli,</strong></span> <span class='ocrx_word' id='word_1_183' title='bbox 417 2693 492 2769; x_wconf 89' lang='lat' dir='ltr'><strong>quod</strong></span> <span class='ocrx_word' id='word_1_184' title='bbox 506 2693 635 2751; x_wconf 89' lang='lat' dir='ltr'><strong>debitum</strong></span> <span class='ocrx_word' id='word_1_185' title='bbox 649 2697 701 2762; x_wconf 85' lang='lat' dir='ltr'><strong>est,</strong></span> <span class='ocrx_word' id='word_1_186' title='bbox 715 2693 848 2767; x_wconf 84' lang='lat' dir='ltr'><strong>reddidit.</strong></span> <span class='ocrx_word' id='word_1_187' title='bbox 882 2727 885 2730; x_wconf 94' lang='lat'><em>-</em></span> 
     </span>
    </p>

    <p class='ocr_par' dir='ltr' id='par_1_6' title="bbox 177 2785 1150 3260">
     <span class='ocr_line' id='line_1_25' title="bbox 177 2785 1150 2872; baseline 0.002 -20"><span class='ocrx_word' id='word_1_188' title='bbox 177 2789 215 2856; x_wconf 83' lang='lat'><strong>71</strong></span> <span class='ocrx_word' id='word_1_189' title='bbox 270 2793 318 2852; x_wconf 89' lang='lat' dir='ltr'><strong>Ac</strong></span> <span class='ocrx_word' id='word_1_190' title='bbox 333 2794 455 2868; x_wconf 92' lang='lat' dir='ltr'><strong>primum</strong></span> <span class='ocrx_word' id='word_1_191' title='bbox 468 2793 524 2850; x_wconf 92' lang='lat' dir='ltr'><strong>hoc</strong></span> <span class='ocrx_word' id='word_1_192' title='bbox 540 2797 619 2850; x_wconf 84' lang='lat' dir='ltr'><strong>exte</strong></span> <span class='ocrx_word' id='word_1_193' title='bbox 632 2807 753 2867; x_wconf 84' lang='lat' dir='ltr'><strong>quaero:</strong></span> <span class='ocrx_word' id='word_1_194' title='bbox 774 2790 793 2823; x_wconf 76' lang='lat'><strong>⁸⁴</strong></span> <span class='ocrx_word' id='word_1_195' title='bbox 806 2787 872 2872; x_wconf 90' lang='lat' dir='ltr'><strong>[tu,]</strong></span> <span class='ocrx_word' id='word_1_196' title='bbox 886 2794 1100 2870; x_wconf 78' lang='lat' dir='ltr'><strong>cuipnblicani</strong></span> <span class='ocrx_word' id='word_1_197' title='bbox 1143 2785 1150 2792; x_wconf 74' lang='grc'><strong>’</strong></span> 
     </span>
     <span class='ocr_line' id='line_1_26' title="bbox 228 2890 1101 2969; baseline 0.006 -20"><span class='ocrx_word' id='word_1_198' title='bbox 228 2909 268 2949; x_wconf 84' lang='lat' dir='ltr'><strong>ex</strong></span> <span class='ocrx_word' id='word_1_199' title='bbox 281 2891 444 2964; x_wconf 76' lang='lat' dir='ltr'><strong>Carpinatii</strong></span> <span class='ocrx_word' id='word_1_200' title='bbox 457 2890 560 2949; x_wconf 90' lang='lat' dir='ltr'><strong>litteris</strong></span> <span class='ocrx_word' id='word_1_201' title='bbox 574 2891 680 2964; x_wconf 75' lang='lat' dir='ltr'><strong>gratim</strong></span> <span class='ocrx_word' id='word_1_202' title='bbox 690 2897 825 2966; x_wconf 81' lang='lat' dir='ltr'><strong>egerunt:</strong></span> <span class='ocrx_word' id='word_1_203' title='bbox 846 2893 971 2966; x_wconf 86' lang='lat' dir='ltr'><strong>pecunia</strong></span> <span class='ocrx_word' id='word_1_204' title='bbox 980 2896 1101 2969; x_wconf 84' lang='lat' dir='ltr'><strong>publica</strong></span> 
     </span>
     <span class='ocr_line' id='line_1_27' title="bbox 229 2989 1101 3066; baseline 0.005 -20"><span class='ocrx_word' id='word_1_205' title='bbox 229 3006 268 3046; x_wconf 82' lang='lat' dir='ltr'><strong>ex</strong></span> <span class='ocrx_word' id='word_1_206' title='bbox 290 2989 401 3046; x_wconf 89' lang='lat' dir='ltr'><strong>aerario</strong></span> <span class='ocrx_word' id='word_1_207' title='bbox 421 2993 547 3062; x_wconf 79' lang='lat' dir='ltr'><strong>erogata,</strong></span> <span class='ocrx_word' id='word_1_208' title='bbox 571 3005 609 3044; x_wconf 86' lang='lat' dir='ltr'><strong>cx</strong></span> <span class='ocrx_word' id='word_1_209' title='bbox 630 2990 822 3064; x_wconf 85' lang='lat' dir='ltr'><strong>vectigalibus</strong></span> <span class='ocrx_word' id='word_1_210' title='bbox 843 2992 943 3066; x_wconf 92' lang='lat' dir='ltr'><strong>populi</strong></span> <span class='ocrx_word' id='word_1_211' title='bbox 971 2993 1101 3054; x_wconf 86' lang='lat' dir='ltr'><strong>Romani</strong></span> 
     </span>
     <span class='ocr_line' id='line_1_28' title="bbox 228 3079 1101 3174; baseline 0.009 -30"><span class='ocrx_word' id='word_1_212' title='bbox 228 3087 268 3144; x_wconf 89' lang='lat' dir='ltr'><strong>ad</strong></span> <span class='ocrx_word' id='word_1_213' title='bbox 282 3087 437 3144; x_wconf 88' lang='lat' dir='ltr'><strong>emendum</strong></span> <span class='ocrx_word' id='word_1_214' title='bbox 449 3079 621 3142; x_wconf 81' lang='lat' dir='ltr'><strong>numentum</strong></span> <span class='ocrx_word' id='word_1_215' title='bbox 635 3086 779 3156; x_wconf 86' lang='lat' dir='ltr'><strong>attributa,</strong></span> <span class='ocrx_word' id='word_1_216' title='bbox 793 3089 917 3149; x_wconf 84' lang='lat' dir='ltr'><strong>fueritne</strong></span> <span class='ocrx_word' id='word_1_217' title='bbox 931 3091 1101 3174; x_wconf 22' lang='lat' dir='ltr'><strong>tibi-quaes·</strong></span> 
     </span>
     <span class='ocr_line' id='line_1_29' title="bbox 228 3181 1100 3260; baseline 0.009 -16"><span class='ocrx_word' id='word_1_218' title='bbox 228 3181 293 3244; x_wconf 85' lang='lat' dir='ltr'><strong>tui?</strong></span> <span class='ocrx_word' id='word_1_219' title='bbox 312 3182 503 3260; x_wconf 89' lang='lat' dir='ltr'><strong>pensitaritne</strong></span> <span class='ocrx_word' id='word_1_220' title='bbox 524 3183 578 3260; x_wconf 86' lang='lat' dir='ltr'><strong>tibi</strong></span> <span class='ocrx_word' id='word_1_221' title='bbox 600 3182 684 3242; x_wconf 90' lang='lat' dir='ltr'><strong>binas</strong></span> <span class='ocrx_word' id='word_1_222' title='bbox 711 3187 885 3246; x_wconf 86' lang='lat' dir='ltr'><strong>centesimas</strong></span> <span class='ocrx_word' id='word_1_223' title='bbox 901 3187 1041 3250; x_wconf 75' lang='lat' dir='ltr'><strong>t‘tlredo</strong></span> <span class='ocrx_word' id='word_1_224' title='bbox 1068 3197 1100 3252; x_wconf 82' lang='lat' dir='ltr'><strong>te</strong></span> 
     </span>
    </p>
   </div>
   <div class='ocr_carea' id='block_1_4' title="bbox 227 3337 1102 3459">
    <p class='ocr_par' dir='ltr' id='par_1_7' title="bbox 227 3337 1102 3459">
     <span class='ocr_line' id='line_1_30' title="bbox 227 3337 1102 3410; baseline 0.009 -23"><span class='ocrx_word' id='word_1_225' title='bbox 227 3337 300 3409; x_wconf 75' lang='lat' dir='ltr'><strong>millia</strong></span> <span class='ocrx_word' id='word_1_226' title='bbox 313 3339 470 3387; x_wconf 81' lang='lat' dir='ltr'><strong>sestertiorum.</strong></span> <span class='ocrx_word' id='word_1_227' title='bbox 487 3352 538 3408; x_wconf 79' lang='lat' dir='ltr'><strong>nam</strong></span> <span class='ocrx_word' id='word_1_228' title='bbox 553 3338 573 3410; x_wconf 73' lang='lat' dir='ltr'><strong>si</strong></span> <span class='ocrx_word' id='word_1_229' title='bbox 589 3338 623 3386; x_wconf 84' lang='lat' dir='ltr'><strong>ita</strong></span> <span class='ocrx_word' id='word_1_230' title='bbox 631 3339 750 3410; x_wconf 79' lang='lat' dir='ltr'><strong>acceperis,</strong></span> <span class='ocrx_word' id='word_1_231' title='bbox 760 3340 827 3402; x_wconf 88' lang='lat' dir='ltr'><strong>plane</strong></span> <span class='ocrx_word' id='word_1_232' title='bbox 839 3357 937 3392; x_wconf 80' lang='lat' dir='ltr'><strong>summae</strong></span> <span class='ocrx_word' id='word_1_233' title='bbox 948 3344 1046 3394; x_wconf 69' lang='lat' dir='ltr'><strong>smstunt</strong></span> <span class='ocrx_word' id='word_1_234' title='bbox 1056 3360 1102 3396; x_wconf 82' lang='lat' dir='ltr'><strong>ses·</strong></span> 
     </span>
     <span class='ocr_line' id='line_1_31' title="bbox 228 3397 774 3459; baseline 0 -13"><span class='ocrx_word' id='word_1_235' title='bbox 228 3401 352 3454; x_wconf 82' lang='lat' dir='ltr'><strong>tertromm,</strong></span> <span class='ocrx_word' id='word_1_236' title='bbox 364 3413 421 3459; x_wconf 84' lang='lat' dir='ltr'><strong>quse</strong></span> <span class='ocrx_word' id='word_1_237' title='bbox 431 3413 444 3444; x_wconf 88' lang='lat' dir='ltr'><strong>e</strong></span> <span class='ocrx_word' id='word_1_238' title='bbox 454 3397 600 3457; x_wconf 87' lang='lat' dir='ltr'><strong>supenonbus</strong></span> <span class='ocrx_word' id='word_1_239' title='bbox 609 3413 705 3447; x_wconf 75' lang='lat' dir='ltr'><strong>numeris</strong></span> <span class='ocrx_word' id='word_1_240' title='bbox 714 3401 774 3446; x_wconf 85' lang='lat' dir='ltr'><strong>flunt.</strong></span> 
     </span>
    </p>
   </div>
   <div class='ocr_carea' id='block_1_5' title="bbox 227 3475 1105 3720">
    <p class='ocr_par' dir='ltr' id='par_1_8' title="bbox 227 3475 1105 3720">
     <span class='ocr_line' id='line_1_32' title="bbox 258 3475 1103 3539; baseline 0.013 -18"><span class='ocrx_word' id='word_1_241' title='bbox 258 3475 281 3509; x_wconf 76' lang='lat'><strong>⁰⁴</strong></span> <span class='ocrx_word' id='word_1_242' title='bbox 295 3477 592 3538; x_wconf 76' lang='lat' dir='ltr'><strong>tu,cai--qsmastui,etc.]</strong></span> <span class='ocrx_word' id='word_1_243' title='bbox 624 3477 846 3527; x_wconf 85' lang='lat' dir='ltr'><strong>Haesereviridoetl</strong></span> <span class='ocrx_word' id='word_1_244' title='bbox 860 3481 883 3528; x_wconf 89' lang='lat' dir='ltr'><strong>in</strong></span> <span class='ocrx_word' id='word_1_245' title='bbox 901 3487 933 3539; x_wconf 79' lang='lat' dir='ltr'><strong>tu,</strong></span> <span class='ocrx_word' id='word_1_246' title='bbox 951 3483 986 3530; x_wconf 91' lang='lat' dir='ltr'><strong>cui</strong></span> <span class='ocrx_word' id='word_1_247' title='bbox 1002 3483 1061 3530; x_wconf 90' lang='lat' dir='ltr'><strong>nihil</strong></span> <span class='ocrx_word' id='word_1_248' title='bbox 1076 3484 1103 3532; x_wconf 91' lang='lat' dir='ltr'><strong>in</strong></span> 
     </span>
     <span class='ocr_line' id='line_1_33' title="bbox 229 3533 1104 3600; baseline 0.014 -20"><span class='ocrx_word' id='word_1_249' title='bbox 229 3533 371 3596; x_wconf 82' lang='lat' dir='ltr'><strong>sequentibus</strong></span> <span class='ocrx_word' id='word_1_250' title='bbox 387 3533 512 3595; x_wconf 85' lang='lat' dir='ltr'><strong>respondet.</strong></span> <span class='ocrx_word' id='word_1_251' title='bbox 544 3534 654 3583; x_wconf 84' lang='lat' dir='ltr'><strong>Graevius</strong></span> <span class='ocrx_word' id='word_1_252' title='bbox 670 3541 815 3592; x_wconf 56' lang='lat' dir='ltr'><strong>evacuandos</strong></span> <span class='ocrx_word' id='word_1_253' title='bbox 829 3539 898 3600; x_wconf 78' lang='lat' dir='ltr'><strong>iacit3</strong></span> <span class='ocrx_word' id='word_1_254' title='bbox 913 3543 952 3589; x_wconf 88' lang='lat' dir='ltr'><strong>sed</strong></span> <span class='ocrx_word' id='word_1_255' title='bbox 969 3541 992 3588; x_wconf 93' lang='lat' dir='ltr'><strong>id</strong></span> <span class='ocrx_word' id='word_1_256' title='bbox 1009 3543 1104 3592; x_wconf 80' lang='lat' dir='ltr'><strong>durissi-</strong></span> 
     </span>
     <span class='ocr_line' id='line_1_34' title="bbox 229 3595 1105 3669; baseline 0.008 -21"><span class='ocrx_word' id='word_1_257' title='bbox 229 3615 289 3648; x_wconf 89' lang='lat' dir='ltr'><strong>mum</strong></span> <span class='ocrx_word' id='word_1_258' title='bbox 302 3602 342 3646; x_wconf 86' lang='lat' dir='ltr'><strong>est.</strong></span> <span class='ocrx_word' id='word_1_259' title='bbox 374 3599 424 3659; x_wconf 80' lang='lat' dir='ltr'><strong>Ego</strong></span> <span class='ocrx_word' id='word_1_260' title='bbox 441 3595 558 3647; x_wconf 89' lang='lat' dir='ltr'><strong>delendum</strong></span> <span class='ocrx_word' id='word_1_261' title='bbox 591 3604 638 3657; x_wconf 90' lang='lat' dir='ltr'><strong>nto,</strong></span> <span class='ocrx_word' id='word_1_262' title='bbox 658 3607 682 3648; x_wconf 87' lang='lat' dir='ltr'><strong>et</strong></span> <span class='ocrx_word' id='word_1_263' title='bbox 698 3604 836 3654; x_wconf 81' lang='lat' dir='ltr'><strong>scribendum</strong></span> <span class='ocrx_word' id='word_1_264' title='bbox 852 3605 896 3656; x_wconf 82' lang='lat' dir='ltr'><strong>sic:</strong></span> <span class='ocrx_word' id='word_1_265' title='bbox 912 3622 932 3667; x_wconf 82' lang='lat' dir='ltr'><strong>q.</strong></span> <span class='ocrx_word' id='word_1_266' title='bbox 948 3610 1105 3669; x_wconf 59' lang='lat' dir='ltr'><strong>calami·-</strong></span> 
     </span>
     <span class='ocr_line' id='line_1_35' title="bbox 227 3657 693 3720; baseline 0.004 -13"><span class='ocrx_word' id='word_1_267' title='bbox 227 3658 426 3720; x_wconf 68' lang='lat' dir='ltr'><strong>grnticsegaant:</strong></span> <span class='ocrx_word' id='word_1_268' title='bbox 440 3657 536 3718; x_wconf 68' lang='lat' dir='ltr'><strong>seman</strong></span> <span class='ocrx_word' id='word_1_269' title='bbox 578 3659 693 3720; x_wconf 69' lang='lat' dir='ltr'><strong>¹licaetc.</strong></span> 
     </span>
    </p>
   </div>
   <div class='ocr_carea' id='block_1_6' title="bbox 0 0 1226 4196">
    <p class='ocr_par' dir='ltr' id='par_1_9' title="bbox 0 0 1226 4196">
     <span class='ocr_line' id='line_1_36' title="bbox 0 0 1226 4196; baseline 0 0"><span class='ocrx_word' id='word_1_270' title='bbox 0 0 1226 4196; x_wconf 95' lang='lat' dir='ltr'><strong> </strong></span> 
     </span>
    </p>
   </div>
  </div>
 </body>
</html>
