2438 4206
403 338 474 387 lc‘r.
492 339 522 386 ll.
538 337 636 387 traca
650 335 798 388 TERTIUS.
989 339 1027 398 75

162 483 206 540 tui
219 482 324 557 capitia
343 484 504 558 pericnlum
523 487 724 561 pertinebant:
745 503 814 553 non,
827 484 954 560 inquam,
968 500 1030 556 per·

163 586 302 654 peterere,
316 588 347 641 ut
359 585 492 644 homines
502 585 626 660 injuriae
640 591 706 643 luae
719 583 877 643 remedium
888 585 981 640 morte
994 597 1030 637 ac

164 683 317 755 suspendio
335 689 516 759 quaererent,
530 685 589 742 nisi
611 703 647 743 ee
668 703 714 742 res
735 686 933 759 adquaestum
949 680 1031 737 etad

161 783 296 852 praedam
310 787 388 841 tuam
403 782 569 859 pertineret.
611 781 714 857 Quid?
736 783 810 840 illud
830 774 1031 854 perpeterere?

160 881 311 949 attendite,
327 883 461 955 judicem
480 881 645 941 ³³omnibua
664 882 744 940 enim
764 881 864 939 nervis
877 877 950 937 milri
962 894 1031 934 con·

161 979 339 1036 tendendum
360 987 414 1048 eat,
428 986 513 1055 atque
534 982 567 1038 in
590 983 646 1054 troc
666 983 864 1048 laborandum,
877 982 910 1035 ut
929 993 1030 1034 omnes

162 1077 339 1150 intelligant,
353 1095 438 1152 quam
455 1078 622 1152 improbam,
635 1098 719 1155 quam
739 1081 932 1146 manifestam,
944 1094 1030 1153 quam

164 1175 327 1232 confessam
349 1193 410 1233 rem
429 1179 554 1250 pecunia
573 1177 712 1236 redimere
732 1184 880 1236 conentur.
929 1178 1030 1233 Grave

163 1272 274 1331 crimen
287 1279 333 1331 est
345 1275 411 1342 hoc,
425 1280 457 1332 et
470 1276 639 1342 vehemens,
650 1281 680 1331 et
692 1281 757 1348 post
766 1275 916 1332 bominum
925 1291 1030 1332 memo-

162 1372 245 1439 riam,
272 1371 441 1447 judiciaque
465 1373 503 1430 de
524 1373 656 1446 pecuniis
677 1372 844 1447 repetundis
867 1372 1031 1440 constituta,

159 1469 370 1544 gravissimum,
384 1476 546 1544 praetorem
568 1472 667 1545 populi
689 1471 823 1530 Romani
835 1472 929 1529 socios
943 1470 1031 1530 habu·

159 1569 217 1625 isse
230 1571 414 1626 decumanos.
455 1571 486 1628 N
487 1589 526 1627 on
540 1571 599 1627 hoc
614 1587 692 1629 nunc
706 1571 830 1645 primum
843 1571 923 1628 audit
935 1571 1029 1644 priva·
1040 1567 1081 1630 57

159 1673 204 1723 tus
218 1668 255 1723 de
269 1666 399 1735 inimico,
412 1687 476 1726 reue
490 1671 527 1724 ab
541 1674 718 1726 accusatore.
734 1669 799 1741 jam
812 1669 944 1726 antonin
957 1670 1029 1726 sella

159 1766 264 1821 sedens
287 1770 410 1838 praetor,
429 1783 497 1822 eum
520 1765 703 1838 provinciam
723 1767 857 1823 Siciliam
877 1767 1030 1834 obtineret,

158 1881 227 1920 oum
240 1864 278 1919 ab
299 1863 432 1920 omnibus
454 1853 514 1920 don
535 1865 628 1920 solum
642 1859 685 1941 (id
700 1865 775 1937 quod
796 1881 949 1921 commune
963 1861 1030 1942 est,)

59 2033 66 2046 ὓ
159 1968 277 2035 propter
289 1961 451 2035 imperium,
465 1963 516 2019 sed
530 1963 620 2019 etiam
641 1959 685 2039 (id
698 1963 773 2038 quod
788 1962 869 2020 istius
882 1963 1029 2038 praeeipu-

157 2077 206 2117 um
219 2057 287 2138 est,)
300 2065 416 2138 propter
438 2061 641 2118 crudelitatem
661 2065 845 2129 metueretur,
860 2061 966 2119 millies
980 2080 1027 2120 au·

156 2159 241 2227 divit,
254 2165 322 2216 eum
336 2161 398 2234 ejus
420 2159 549 2217 animum
570 2161 607 2216 ad
621 2161 850 2235 persequendum
864 2178 922 2217 non
937 2160 1027 2236 negli-

156 2259 258 2332 gentia
271 2249 408 2327 tardaret,
420 2260 472 2316 sed
493 2257 677 2316 conscientia
697 2257 815 2316 sceleris
830 2259 1027 2334 avaritiaeque

158 2373 227 2413 suae
241 2357 406 2414 refrenaret.
448 2358 654 2432 Loquebantur
664 2357 744 2414 enim
755 2357 909 2414 decumani
922 2358 1027 2431 palam,

161 2459 192 2511 et
205 2460 319 2530 praeter
328 2461 441 2513 eeteros
453 2456 488 2523 is,
499 2456 548 2531 qui
562 2457 637 2529 apud
648 2455 735 2513 istum
745 2455 896 2529 plurimum
907 2461 1028 2529 poterat,

141 2555 150 2628 ‚¹
157 2553 357 2629 maximosque
369 2572 452 2629 agros
462 2556 659 2627 populabatur,
672 2555 834 2626 Apronius:
855 2573 1027 2628 perparvum

154 2671 195 2709 ex
214 2652 272 2708 illis
292 2652 404 2726 magnis
426 2652 514 2709 lucris
534 2653 572 2707 ad
592 2668 656 2706 sese
677 2651 846 2723 pervenire:
866 2657 1027 2724 praetorem

156 2767 223 2806 esse
236 2749 357 2806 socium.
399 2751 467 2806 Hoc
481 2765 547 2804 cum
561 2749 657 2820 palam
670 2747 824 2806 decumani
838 2753 899 2806 tola
911 2751 1026 2824 provin·

155 2847 205 2905 cia
218 2850 410 2922 loquerentur,
424 2849 559 2921 tuumque
573 2863 679 2905 nomen
693 2847 725 2904 in
739 2865 770 2904 re
784 2853 842 2905 tam
860 2849 934 2924 turpi
948 2851 1026 2908 nefa·

153 2946 254 3021 niaque
275 2943 504 3018 interponerent:
525 2945 638 3003 nihilne
660 2947 713 3004 tibi
737 2947 821 3006 venit
843 2949 876 3007 in
896 2956 1025 3011 mentem

152 3044 366 3102 existimationi
379 3049 446 3102 tuae
460 3042 632 3104 consulere?
651 3047 725 3104 nihil
744 3047 870 3123 denique
883 3049 975 3123 capiti
988 3065 1024 3107 ac

150 3143 273 3202 fortunia
294 3143 351 3200 tuis
375 3141 550 3218 providere?
577 3162 645 3202 cum
665 3145 710 3202 tui
731 3146 858 3206 nominis
881 3153 974 3205 terror
991 3147 1023 3204 in

182 3297 238 3344 ευο.
258 3296 552 3368 Μνηὺωωιὶίωιάωἱ]
567 3297 820 3344 Proretereleetione

150 3370 257 3426 recepere
264 3356 354 3425 quidam
363 3355 432 3403 ems.
441 3355 552 3412 Nebula*
545 3371 568 3402 m
577 3355 613 3401 his
621 3355 737 3425 (imteme,
747 3356 863 3404 Graevius.
894 3359 938 3405 Sed
948 3364 1023 3406 tamen

149 3415 499 3485 aeromaptendrretruaeatoon
403 3413 706 3475 undereuamoorraiM
706 3415 850 3472 uodeumor',
859 3417 1022 3488 operimilibur·

167 3487 195 3519 ue
202 3487 304 3532 oomungr
297 3473 379 3519 rolet.
411 3474 443 3522 Et
451 3473 501 3520 eet¹
521 3473 631 3543 aphraaia
637 3429 741 3520 Ciceroni
747 3475 814 3520 valde
823 3431 943 3545 famaliaris,
952 3490 1021 3522 omm-

149 3487 422 3638 Ξιωωηιηυωηίωᾶηι
454 3534 533 3594 ltaque
547 3532 617 3580 malui
632 3533 785 3582 veteremi
795 3533 940 3596 requiquam
954 3547 1021 3581 unum
