2460 4200
231 277 279 382 'od
580 313 773 388 inruemur

236 461 530 532 mendositatem
552 465 642 524 etiam
664 465 745 524 vitae
767 467 798 522 et
821 460 975 538 sanguino
997 463 1114 520 tnntorn

238 563 373 622 relietum
396 580 469 630 esse,
490 569 629 638 quantum
644 563 768 637 Apronii
786 561 877 622 libido
890 561 965 618 tulit
988 577 1057 618 nam
1068 560 1114 628 vi,

238 662 325 726 malo,
334 661 427 736 plagis
435 663 575 720 adduntus
588 668 643 729 est,
657 667 688 720 ut
702 661 841 720 frumenti
853 662 945 727 daret,
955 676 1015 716 non
1026 675 1115 733 quun-
1218 671 1219 742 g

240 763 301 818 tum
315 761 443 828 haberet,
464 762 516 818 sed
537 765 675 836 quantum
699 763 860 834 angeretur.
902 759 1059 824 Sostratus,
1084 761 1115 814 et

240 858 413 925 Numenius,
425 863 457 916 el
482 860 707 932 Nymphodorus
731 859 862 932 ejusdem
883 856 1028 924 olvitotis·
1046 873 1116 914 oum

240 975 279 1016 ex
294 957 369 1030 agris
390 962 448 1015 tres
461 957 561 1014 iratres
580 962 731 1016 oonsortes
754 955 957 1030 profugissent,
979 955 1054 1028 quod
1078 953 1117 1012 iis

240 1056 304 1130 plus
317 1054 452 1112 frumenti
465 1055 666 1128 imperabatur,
679 1073 766 1131 quam
778 1060 919 1130 quantum
936 1057 1112 1112 exarmant:

240 1153 405 1212 hominibus
418 1155 539 1222 meotis,
549 1154 581 1212 iu
594 1173 692 1214 mum
703 1155 849 1212 predones
863 1142 1010 1226 Apronius
1020 1151 1115 1220 venit,

241 1269 328 1311 omne
341 1252 562 1312 instrumentum
573 1254 702 1328 diripuit,
715 1254 857 1314 lemiliam
874 1250 1003 1318 abduxit,
1024 1237 1115 1323 penus

241 1351 349 1426 obem'l.
369 1357 469 1426 posteo
487 1371 555 1412 eum
578 1357 615 1412 ad
638 1371 704 1412 oum
728 1353 957 1428 Nymphodorus
984 1351 1116 1408 venisset

243 1451 382 1517 Aetnam,
395 1457 542 1519 etormet,
556 1459 587 1508 ut
611 1452 669 1508 sibl
690 1467 744 1508 sua
768 1451 1003 1518 restituerenmr3
1025 1448 1118 1508 homi·

243 1565 313 1610 nem
326 1549 433 1621 oorripi
454 1564 491 1606 aa
515 1550 652 1622 suspendi
669 1549 757 1621 jussit
777 1550 810 1608 in
828 1551 952 1606 oleastro
972 1549 1116 1622 quodam:

243 1650 377 1721 quaeest
396 1648 488 1714 arbor,
506 1647 632 1719 jurlioes,
655 1648 687 1704 in
701 1648 771 1706 loro.
792 1647 901 1706 tamdiu
925 1647 1065 1720 pependit
1086 1646 1117 1704 in

243 1747 344 1804 arbore
357 1745 453 1804 sosius
466 1731 633 1822 amicusque
653 1747 752 1822 populi
776 1746 912 1813 Romani,
925 1745 956 1804 in
970 1744 1116 1804 soniomm

243 1848 361 1905 urbeso
376 1849 445 1914 loro,
458 1850 580 1906 nolonus
600 1852 751 1922 aratorque
776 1851 883 1912 vester,
906 1844 1042 1919 quanuliu
1066 1861 1118 1902 vo·

243 1947 339 2002 luntns
355 1946 479 2016 Apronii
500 1947 578 2002 tulit.
1053 1936 1056 1940 ’
1104 1929 1106 1932 ’

283 2042 402 2098 Genera
409 2043 579 2114 jamdudum
593 2043 862 2112 innumerabilium,
875 2043 1052 2118 injuriarum,
1070 2043 1118 2116 ju·

244 2141 336 2207 diaes,
360 2140 482 2214 singuiis
505 2141 668 2199 nominibus
699 2143 835 2215 proleroz'
851 2143 996 2200 infinitum
1019 2141 1117 2203 multi-

245 2238 376 2298 tudioern
403 2240 571 2315 injuriarum
600 2241 806 2314 praetermitto.
838 2259 890 2298 vos
914 2248 982 2300 ante
1014 2243 1117 2300 oeulos

245 2339 412 2414 animosque
435 2345 556 2408 vestros,
589 2345 651 2398 toto
684 2341 788 2400 Sicilia
809 2343 1035 2400 decumanorum
1062 2341 1117 2398 lros

245 2438 378 2511 impetus,
392 2444 537 2498 aratorum
551 2440 741 2513 direptiones,
756 2441 841 2513 hujus
862 2440 1119 2515 importunitatem,

247 2537 372 2610 Apronii
399 2547 518 2612 rognum
546 2541 707 2612 proponite.
763 2539 948 2612 Contempsit
983 2541 1117 2598 Siculos:

246 2652 307 2692 non
320 2637 406 2696 duxit
419 2638 571 2696 homines:
593 2655 648 2694 neo
662 2637 740 2710 ipsos
760 2639 797 2695 od
817 2641 1044 2712 persequendum
1068 2655 1119 2694 ve-

246 2735 396 2796 hementes
409 2738 479 2806 lore,
493 2741 523 2794 et
545 2745 597 2793 vos
617 2751 716 2799 eorum
738 2735 858 2808 injurias
882 2738 988 2794 leviter
1008 2739 1117 2794 laturos

194 2857 236 2915 24
247 2835 437 2895 existimavit.
478 2837 569 2892 Esto:
590 2834 692 2893 selsam
703 2837 740 2892 de
754 2835 812 2894 illis
828 2834 927 2892 hebuit
938 2836 1118 2907 opinionem,

245 2933 352 2988 malum
364 2933 402 2987 de
422 2932 524 2987 voltis:
545 2939 744 2986 verumtamen
764 2949 831 2988 oum
854 2934 892 2986 de
915 2931 1021 2986 Sioulis
1040 2935 1119 2990 mule

246 3034 410 3094 mereretur,
424 3027 507 3084 oives
521 3027 668 3082 Romanos
685 3026 785 3091 noluit,
800 3026 844 3080 his
865 3025 994 3092 indulsit,
1016 3043 1119 3089 eornm

247 3124 391 3184 voluntati
404 3129 435 3180 et
447 3121 557 3194 gratiae
571 3121 685 3179 deditus
699 3121 761 3180 luit
783 3105 842 3180 lete
852 3123 935 3180 nives
946 3124 1119 3186 Romanos?

247 3227 291 3284 At
310 3221 330 3254 ⁴⁰
339 3222 426 3280 nullis
440 3219 642 3278 inimicioraut
653 3220 784 3280 infestior
797 3222 859 3280 luit.
902 3223 991 3282 Mitto
1005 3226 1116 3296 vinela,

245 3323 330 3381 mitto
339 3337 495 3386 carperem,
510 3319 594 3379 mitto
608 3323 737 3389 verbera,
751 3321 835 3380 mitto
848 3339 981 3380 secures:
996 3341 1114 3384 emnem

261 3475 298 3510 ·⁴⁹
311 3474 525 3536 narniensem]
556 3475 606 3522 Etsi
616 3476 671 3522 nulli
690 3477 746 3523 Mes.
758 3481 798 3523 aut
812 3477 864 3523 edd.
880 3481 967 3524 veteres
976 3477 1008 3523 sio
1023 3477 1115 3536 habent,

246 3536 402 3582 tomeunntlis
412 3551 488 3581 verum
500 3538 540 3592 est,
551 3535 603 3596 quio
620 3549 654 3580 rea
674 3536 796 3582 necessario
805 3537 911 3598 postulat,
928 3541 953 3584 ut
968 3535 1025 3586 vion
1044 3536 1122 3586 iloto·-

250 3609 349 3645 manuus.
379 3595 447 3644 Male
457 3593 566 3643 Graevius
573 3595 654 3644 nullus
662 3593 782 3642 revocavit.
