2428 4212
223 327 287 386 220
553 317 588 369 id
602 317 745 369 VERREM

222 468 384 542 opponitur.
416 468 624 528 Noviiccnm:
646 463 764 533 ’videm
775 462 826 522 ubi
839 479 872 520 se
879 462 1043 536 jactaturus
1055 463 1089 522 sit

222 565 403 624 Hortensius.
424 567 494 625 beili
505 567 643 641 pericula,
656 571 785 637 tempore
797 560 987 634 reipublicae,
1000 561 1085 636 impe·

221 669 346 723 reiorum
359 665 509 739 penuriam
528 661 783 723 commemorabitr
802 665 864 718 tum
886 661 1086 732 deprecabitur

220 779 238 817 e
251 763 345 831 vohis,
359 767 420 821 tum
433 764 522 821 etism
541 761 610 837 ³pro
622 777 675 820 suc
686 761 752 834 jure
765 759 935 825 contendet,
945 775 983 815 ue
997 759 1084 832 petis·

218 860 402 929 numitorem
416 862 623 935 imperatorem
636 860 743 932 popuic
765 859 901 916 Romano
925 856 1085 915 Siceiorurn

218 961 392 1018 testimoniis
412 959 502 1034 eripi:
522 977 600 1016 neve
619 957 713 1016 obteri
734 957 850 1014 laudem
872 953 1083 1028 imperatoriam

218 1057 386 1116 criminibus
398 1057 539 1116 avaritiae
555 1055 662 1114 velitis.
683 1057 712 1113 N
714 1071 753 1113 on
766 1067 882 1128 possum
894 1053 1082 1121 duaimniara,

211 1155 344 1229 judices:
365 1155 463 1224 timeo,
477 1173 515 1214 ne
536 1155 571 1214 0.
584 1156 692 1212 Verres
713 1157 830 1228 propter
852 1155 928 1211 hanc
950 1152 1087 1211 virtutem

218 1253 357 1312 eximiam
380 1255 412 1312 in
434 1273 465 1312 re
489 1253 618 1323 militari,
639 1253 746 1321 omnia,
767 1271 840 1328 quae
864 1251 944 1319 iecit,
967 1251 1084 1324 impunc

216 1351 327 1410 iecerit.
370 1352 465 1412 Venit
478 1353 557 1412 enim
571 1353 643 1411 mihi
656 1353 687 1410 in
702 1357 838 1418 mentem,
851 1351 883 1407 in
902 1349 1018 1423 judicio
1032 1349 1082 1408 Μ’.

220 1451 344 1527 Aquiliii
357 1461 493 1526 quantum
507 1451 695 1519 auctoritatis,
709 1455 846 1524 qnantum
870 1447 1012 1506 momenti
1024 1463 1082 1505 ors·

217 1548 259 1606 tio
273 1548 316 1605 Μ.
332 1549 456 1606 Antonii
478 1549 612 1606 habuisse
636 1547 802 1606 existimata
821 1547 876 1604 sit:
896 1546 955 1622 qui,
969 1551 1002 1604 ut
1025 1551 1084 1604 erat

216 1647 248 1704 in
262 1646 387 1704 dicendo
400 1663 459 1705 non
471 1647 563 1704 solum
577 1647 702 1720 sapiens,
716 1647 768 1704 sed
784 1646 872 1706 etiem
892 1645 982 1714 iortis,
996 1663 1083 1704 cauas

215 1759 305 1820 prope
319 1751 459 1820 perorata,
472 1746 535 1820 ipse
555 1744 674 1820 erripuit
694 1743 746 1802 Μ’.
763 1743 932 1819 Aquilium,
946 1744 1084 1804 constitu»

215 1845 297 1920 itque
309 1845 341 1902 in
355 1851 513 1919 conspectu
527 1844 664 1912 omnium,
673 1843 857 1918 tunicamque
867 1843 928 1916 ejas
937 1861 956 1899 o
966 1849 1083 1916 pectore

216 1943 349 2012 abscidit,
373 1948 405 2002 ut
429 1943 582 2002 cicatrices
605 1945 725 2016 populus
750 1941 897 2000 Romanus
913 1941 1085 2017 judicesque

216 2043 408 2115 adspicerent,
428 2043 552 2098 adverso
575 2059 695 2116 corpore
719 2047 868 2116 exceptas.
889 2041 974 2100 simui
997 2043 1084 2102 etde
1113 2095 1116 2104 .

128 2187 132 2194 ,
214 2139 267 2196 iilo
287 2141 417 2206 vulnere,
441 2139 515 2212 quod
539 2139 590 2196 ille
611 2139 643 2196 in
667 2141 764 2213 capite
788 2143 825 2198 sb
852 2141 979 2198 hostium
1007 2143 1081 2200 duce

214 2241 376 2312 acceperet,
390 2239 481 2295 muita
493 2235 580 2306 dixit,
594 2255 685 2312 eoque
700 2239 820 2296 adduxit
843 2252 903 2307 eos,
929 2241 978 2314 qui
1000 2245 1083 2302 erent

207 2337 375 2411 judicaturi,
384 2337 574 2394 vehementer
586 2345 617 2395 ut
631 2342 807 2405 vererentur,
821 2357 868 2405 ne,
882 2355 967 2412 quem
987 2339 1084 2397 virum

214 2437 325 2494 fortune
339 2455 377 2493 ex
391 2435 516 2493 hostium
530 2435 596 2493 telis
610 2435 769 2508 eripuisset,
784 2451 851 2494 cum
864 2436 921 2494 sibi
933 2437 997 2510 ipse
1021 2455 1083 2496 non

213 2533 399 2608 pepercisset,
414 2533 461 2590 hic
476 2551 534 2591 non
549 2535 586 2590 sd
611 2535 708 2608 popuii
733 2535 859 2593 Romani
885 2537 1010 2604 taudem,
1031 2537 1085 2594 sed

214 2633 250 2692 ad
276 2631 410 2706 judicum
436 2633 637 2692 crudelitatem
665 2633 813 2690 videretur
841 2651 907 2690 esse
938 2639 1081 2693 servatus.

214 2733 297 2792 Haec
312 2733 414 2790 eadem
437 2749 515 2790 nunc
537 2735 573 2788 ab
596 2731 655 2790 iliis
677 2732 852 2789 defensionis
875 2733 950 2790 ratic
972 2733 1083 2808 visque

213 2831 457 2888 tenteturzidem
471 2829 621 2905 quaeritur.
664 2831 711 2888 Sit
724 2830 776 2900 iur,
794 2831 833 2888 sit
853 2832 1021 2906 sacrilegus,
1043 2833 1085 2890 sit

213 2927 384 3000 flagitiorum
395 2927 523 2986 omnium
535 2929 726 3004 vitiorumque
737 2929 886 3004 princeps:
898 2939 928 2988 at
936 2935 980 2988 eat
988 2933 1085 2990 bonus

210 3025 374 3098 imperator,
399 3029 429 3080 et
452 3025 532 3092 felix,
553 3031 584 3082 ct
602 3027 639 3083 ad
652 3027 740 3085 dubia
761 3028 937 3101 reipublicae
952 3035 1086 3104 tempore

241 3181 253 3212 Β
267 3179 337 3236 uideo,
345 3177 385 3226 oba·
394 3192 415 3224 sc
419 3176 548 3238 jactaturus
555 3179 585 3250 sit
594 3177 638 3250 H]
649 3179 736 3252 iidoc,
747 3181 787 3228 oni
796 3182 873 3229 reterri
882 3183 913 3230 ad
922 3183 995 3232 locum
1002 3197 1086 3254 posse5

212 3239 300 3318 ct'haec
310 3253 350 3300 pro
360 3239 475 3318 {Etgwtp
484 3237 569 3285 habers.
601 3239 709 3286 Similiter
719 3241 760 3297 iii,
773 3243 806 3288 19.
816 3245 935 3298 turonum
944 3246 993 3318 infru
1005 3256 1033 3288 ua
1043 3242 1087 3289 leuc

169 3349 174 3377 Ι
211 3317 306 3352 cremae
315 3307 448 3352 mum
453 3307 599 3364 poctctumna
632 3305 676 3351 ssd
686 3307 761 3352 minen
770 3319 815 3352 non
824 3305 910 3362 tacebo,
921 3306 976 3352 nnhr
986 3320 1010 3352 ιιι
1019 3319 1087 3352 man-

210 3361 367 3484 gemengffiiase,
383 3364 514 3412 Ciceronem
529 3363 640 3426 scripsisse
655 3364 694 3411 uti
709 3377 731 3410 se
740 3364 756 3410 i.
766 3364 826 3426 quod
842 3364 921 3414 melius
931 3363 1038 3412 convenit
1048 3379 1087 3410 se-

225 3435 240 3468 u
317 3435 334 3467 s.

240 3501 252 3533 ³
264 3513 306 3556 pro
315 3512 354 3544 msc
364 3499 429 3561 jure]
445 3515 489 3550 uon
500 3504 533 3546 est
542 3504 637 3558 mutum,
654 3505 680 3546 ut
697 3515 743 3547 rem
760 3499 846 3547 licitam
863 3504 887 3546 et
899 3513 1032 3557 concessam,
1060 3505 1088 3550 ut

209 3557 318 3626 Graevius
327 3553 493 3620 interpretsmr,
503 3561 549 3615 sed,
560 3559 621 3619 quasi
636 3573 679 3622 pac
687 3559 794 3622 imperiop
809 3564 833 3606 ct
842 3559 898 3608 iliud
907 3559 971 3620 posi
985 3565 1011 3607 ct
1024 3559 1088 3608 hnic

208 3619 293 3668 sumre
301 3617 411 3667 utendum
420 3617 516 3666 mnino.
547 3617 648 3666 Pertinet
657 3617 723 3678 inno
732 3619 761 3668 sd
768 3617 876 3670 inediam
884 3617 1016 3666 &dudm
