2428 4212
351 319 424 368 seu.
442 318 471 366 ιι.
487 317 586 369 unns
599 319 751 374 curuans.
928 331 992 392 229

125 463 286 537 Apollonio
298 465 405 541 aliquid
419 467 604 526 commissum
616 475 671 538 est,
681 471 866 545 quamobrem
879 473 947 551 jure
960 475 993 534 in

126 579 194 620 eum
205 564 491 623 animadverteretur:
506 572 644 625 tamenim
654 570 730 627 hanc
743 587 805 628 rem
814 571 993 647 sicagemus,

123 663 992 747 uteriminiautinridiaereoputemusesseoportere,siquc

119 760 157 818 de
172 761 288 820 homine
301 763 430 820 severius
437 763 604 837 judicavit?
615 767 644 822 N
646 783 685 824 on
699 783 784 842 agam
797 772 858 826 tam
869 772 990 828 acerbe:

117 877 177 922 non
197 865 263 918 utar
284 861 341 919 iste
361 863 542 920 mouscloria
564 865 784 934 consuetudine,
805 866 831 922 si
854 867 922 941 quid
946 873 992 925 est

8 963 10 970 ’
102 958 225 1016 -faclum
242 962 412 1026 clementer,
438 965 470 1016 ut
492 961 631 1020 dissolute
652 963 761 1022 facturn
784 965 941 1022 criminer:
961 966 987 1022 si

118 1057 187 1132 quid
208 1057 390 1114 vindicatum
412 1075 514 1114 severe
539 1064 593 1126 est,
616 1065 649 1118 ut
679 1079 718 1120 ex
741 1079 778 1120 eo
807 1063 989 1121 crudelitatis

118 1153 265 1212 invidiam
277 1153 422 1227 colligam.
443 1173 502 1213 non
510 1173 595 1230 agam
604 1158 660 1215 ista
673 1160 802 1218 ratione:
823 1167 873 1218 tun
887 1179 990 1237 sequar

112 1251 247 1326 Judicia:
268 1255 347 1310 tuam
360 1253 513 1310 defendam
526 1255 735 1323 auctoritatem,
746 1260 839 1331 quoad
853 1264 884 1316 tu
897 1262 991 1329 voles,

120 1351 205 1408 simul
219 1368 254 1408 ae
268 1355 330 1407 tute
342 1353 476 1425 coeperis
490 1357 538 1409 tua
552 1353 667 1425 Judicia
686 1353 896 1412 ¹⁵rescindere:
917 1358 991 1414 milri

117 1467 290 1507 succensere
313 1449 449 1508 desinite.
470 1467 536 1508 meu
549 1451 703 1523 enimjure
715 1455 900 1521 contendam,
914 1473 990 1524 eum,

118 1548 167 1622 qui
190 1566 242 1605 suo
258 1549 372 1620 judicio
384 1551 594 1608 condemnatus
617 1551 664 1618 sit,
678 1550 838 1622 juratorum
855 1552 989 1625 judicum

118 1647 274 1704 sententiis
286 1647 418 1704 damnari
429 1655 570 1721 oportere.
612 1649 682 1705 Non
695 1650 850 1706 defendam
865 1651 986 1724 Apollo-

116 1744 162 1803 nii
184 1761 312 1811 causam,
335 1745 422 1801 amici
446 1751 532 1819 atque
550 1746 671 1818 hospitis
684 1747 752 1814 mei,
766 1765 803 1802 ne
816 1752 897 1803 tuum
911 1748 988 1820 judi·

116 1845 198 1903 cium
212 1843 313 1900 videar
326 1844 506 1900 rescindere:
527 1843 603 1901 nihil
616 1845 653 1901 de
669 1844 795 1902 hominis
814 1846 987 1918 frugalitate,

115 1943 235 2010 virtute,
249 1942 402 2016 diligentie
414 1940 529 1999 dicarm
549 1942 776 2014 praetennittem
794 1943 867 2000 illud
887 1943 986 2013 etiam,

112 2043 152 2100 de
165 2059 222 2117 quo
235 2047 322 2098 antes
330 2039 404 2105 dixi,
417 2039 543 2097 fortunas
557 2040 619 2112 ejus
631 2040 674 2097 ita
692 2040 865 2098 constitutas
886 2042 985 2110 fuisse,

111 2140 235 2208 familia,
264 2155 378 2213 pecore,
401 2137 491 2206 villis,
515 2137 647 2211 pecuniis
666 2138 795 2207 creditis,
818 2143 851 2196 ut
872 2139 985 2199 nemini

109 2240 209 2300 miuus
222 2239 382 2312 expediret,
390 2239 481 2294 ullum
492 2237 525 2294 in
535 2237 639 2294 Sicilia
652 2238 805 2296 tumultum
814 2243 866 2294 aut
876 2239 984 2297 bellum
1085 2278 1091 2287 .

107 2336 314 2396 commoveri:
334 2353 393 2391 non
408 2335 505 2392 dicam
526 2352 564 2391 ne
582 2335 653 2392 illud
669 2336 794 2408 quidem,
808 2334 834 2391 si
855 2335 984 2394 maxime

106 2437 146 2496 in
159 2436 246 2508 culpa
258 2434 343 2490 fuerit
357 2433 539 2506 Apollonius,
553 2437 651 2490 tamen
664 2433 696 2490 in
709 2433 858 2491 hominem
879 2435 983 2490 hones

107 2531 409 2600 tissimumcivintis
429 2532 660 2599 honestissimae,
684 2537 745 2589 tam
768 2531 898 2605 graviter
921 2531 983 2590 sni·

106 2631 267 2699 madverti,
287 2648 376 2689 causa
402 2631 522 2698 indicta,
549 2648 609 2687 non
640 2630 811 2702 oportuisse.
861 2631 891 2687 N
893 2632 983 2688 ullam

106 2730 256 2790 invidiam
269 2730 354 2797 inte,
367 2747 406 2786 ne
426 2746 466 2785 ex
484 2727 545 2785 illis
567 2727 685 2801 quidem
708 2725 792 2782 rebus
816 2725 982 2796 concitabo,

105 2846 180 2888 curn
193 2833 270 2885 esset
283 2827 349 2885 talis
363 2827 411 2884 vir
423 2826 593 2893 incarcere,
605 2824 637 2882 in
648 2823 826 2890 tenebriain
840 2827 981 2899 squalore,

110 2928 149 2986 in
162 2928 302 2994 sordibus,
321 2923 483 2999 tyrannicis
507 2923 671 2981 interdictis
696 2923 761 2991 tuis,
782 2922 858 2997 patri
876 2928 983 2982 exacta

106 3029 221 3092 aetate,
234 3029 265 3081 et
286 3022 467 3082 adolescenti
489 3023 560 3091 filio,
568 3022 694 3080 adeundi
703 3024 741 3080 ad
753 3023 836 3081 illum
846 3021 983 3080 miserum

103 3129 285 3200 potestatem
297 3141 456 3198 numquam
475 3140 538 3180 esse
561 3122 677 3179 factam.
698 3121 788 3182 etism
807 3121 881 3178 illud
902 3135 982 3192 prae·

104 3221 215 3290 teribo,
225 3223 451 3297 quotiescunque
465 3221 640 3277 Panormunr
653 3219 773 3275 veneris
788 3217 841 3274 illo
854 3234 941 3285 anno,
951 3220 982 3274 et

100 3374 320 3422 meeum
351 3365 850 3429 Comeetrmestabdldqetsiceotinflu.
879 3367 977 3431 Aliquid

105 3433 356 3494 mutugealluuquid.

136 3510 503 3571 ”metadnem'kfmfl
533 3505 980 3570 dentemnnmnmnwhmt

98 3571 173 3618 bet.
205 3568 558 3619 aldesleveltetldnou.

148 3667 220 3709 ron.
239 3669 270 3709 r.
508 3652 546 3706 20
