2438 4206
229 337 290 399 tlt
563 331 762 416 tuvuuaear

224 483 270 538 tur
279 475 367 536 etiam
378 478 457 537 numi
468 480 504 537 ab
518 479 648 539 aratore?
668 479 829 556 quomodo'.l
849 493 906 556 quo
920 476 1012 556 jurei
1028 493 1081 558 quc

224 575 382 650 exemplo?
402 579 568 646 Nemeum
589 579 695 637 fructus
715 580 922 653 diripiebantur
934 585 1081 651 aratorum,

223 679 309 749 atque
319 676 398 734 omni
413 679 612 735 lacerabantur
621 676 743 750 injuria:
764 677 917 735 videbatur
925 679 956 734 id
967 681 1082 752 perdere

222 779 326 843 arator,
336 776 410 850 quod
422 780 516 832 aratro
528 776 590 849 ipse
604 775 770 850 quaesisset,
791 775 823 832 in
835 794 893 850 quo
901 777 1080 846 elaborasset,

222 875 297 948 quod
306 874 367 947 agri
376 877 543 948 segetesque
558 873 739 931 extulissent.
780 873 1014 946 Quibueiqjuriia
1025 889 1081 948 gra·

221 969 349 1027 vissimis
362 975 459 1028 tamen
473 971 546 1029 illud
560 975 622 1028 erat
640 971 775 1029 miserum
796 972 939 1040 solatium,
958 974 1034 1046 quod
1051 973 1081 1030 td

220 1069 340 1143 perdere
364 1068 525 1138 videbatur,
546 1069 619 1145 quod
629 1070 688 1128 allo
697 1074 837 1144 praetore,
845 1070 948 1127 eodem
961 1087 1002 1128 cx
1013 1085 1080 1144 egro

219 1183 352 1239 reparare
369 1173 478 1241 posset
518 1166 659 1227 ''Numos
680 1185 750 1226 vero
770 1169 872 1226 uidet
895 1173 1081 1242 arctonque

219 1281 280 1325 non
293 1269 386 1324 aratro
397 1283 432 1324 ac
446 1281 532 1324 manu
544 1267 662 1343 quaerit,
675 1268 767 1324 boves
787 1271 817 1324 et
836 1270 961 1324 aratrum
975 1265 1080 1339 ipsum,

220 1369 251 1421 et
273 1381 360 1423 omne
382 1364 603 1424 instrumentum
626 1365 744 1433 vendat,
765 1381 886 1424 necesse
907 1369 961 1422 est.
1001 1365 1080 1422 'Non

219 1462 298 1520 enim
322 1463 434 1520 debetis
454 1465 511 1520 hoc
531 1463 680 1537 cogitares
705 1463 792 1520 habet
815 1463 893 1520 idem
915 1463 948 1520 in
969 1463 1080 1520 numis:

219 1559 309 1616 habet
320 1559 398 1616 idem
411 1559 443 1616 in
456 1561 572 1618 urbanis
585 1561 719 1634 praediis.
731 1577 799 1618 nam
811 1577 878 1618 cum
892 1561 997 1618 emtori
1009 1577 1081 1618 onus

219 1656 336 1732 aliquod
349 1657 513 1731 imponitur,
527 1675 587 1716 uon
600 1675 710 1726 omues,
724 1657 750 1716 ei
762 1673 836 1733 qnae
849 1663 916 1716 sunt
935 1663 1082 1732 praeterea

219 1754 381 1826 facultates,
395 1757 447 1815 sed
460 1757 598 1816 arationis
620 1757 710 1830 ipsius
729 1755 778 1814 ¹ris
800 1771 835 1814 ac
856 1757 931 1814 ratio
951 1757 1081 1814 conside-

219 1855 310 1913 randa
322 1859 375 1923 eet,
389 1853 458 1931 quid
476 1871 511 1913 ea
529 1855 679 1926 sustinere,
696 1853 765 1930 quid
787 1854 859 1929 pati,
876 1854 946 1928 quld
968 1856 1082 1912 efficere

218 1951 310 2027 possit
323 1969 359 2010 ac
372 1954 486 2010 debeat
526 1953 707 2026 Quamquam
720 1953 766 2010 iili
782 1969 893 2028 quoque
912 1957 980 2010 sunt
992 1951 1081 2010 homi·

218 2067 271 2108 nes
286 2051 324 2106 ab
336 2049 393 2106 isto
406 2049 486 2106 omni
499 2049 611 2106 ratione
624 2049 770 2107 exinaniti
783 2067 819 2107 ac
840 2049 963 2123 perditi:
982 2055 1081 2108 temen

217 2145 372 2204 lroc'vobis
386 2149 430 2204 eet
451 2147 643 2214 statuendum,
664 2146 736 2224 quid,
750 2151 890 2205 aratorem
909 2147 1081 2220 ipsumam

217 2243 306 2304 tionis
319 2244 437 2303 nomine
451 2244 577 2304 muneris
590 2245 622 2304 in
635 2244 782 2318 republica
794 2245 876 2320 iungi
887 2261 922 2301 ac
937 2245 1082 2304 sustinere

217 2344 326 2404 velitis.
367 2342 683 2418 imponitisdecumas:
695 2343 849 2416 patiuntur.
863 2346 988 2401 alteras:
1007 2349 1080 2402 tem·

216 2443 332 2518 poribus
346 2443 451 2500 vestris
464 2442 647 2501 serviendum
660 2445 773 2515 putant.
791 2442 862 2499 dent
879 2447 988 2500 emtum
1001 2459 1082 2526 prae⁴

216 2544 307 2600 terea.
327 2541 445 2610 debunt,
458 2541 484 2599 ei
497 2539 611 2600 voletis.
652 2539 736 2598 llaec
755 2555 840 2616 quam
852 2541 911 2598 siut
924 2540 1037 2614 grevia,
1050 2544 1082 2598 et

201 2639 294 2716 quid,
318 2639 363 2698 his
384 2643 468 2698 rebus
491 2639 637 2707 detractis,
655 2639 745 2714 possit
764 2639 801 2696 ad
821 2637 953 2699 dominos
967 2639 1032 2711 puri
1044 2653 1083 2698 ac

207 2739 320 2820 reliqui
332 2740 494 2814 pervenire,
507 2739 595 2798 credo
607 2755 660 2796 vos
678 2757 717 2797 ex
736 2737 841 2795 vestris
861 2739 945 2794 mbas
964 2737 1084 2796 msticie

216 2839 385 2912 conjectura
397 2837 511 2912 assequi
522 2853 615 2910 posse.
657 2835 768 2896 Addita
780 2851 858 2893 nunc
873 2834 978 2894 ecdem
997 2834 1085 2893 iatius

217 2935 323 3002 edicta,
345 2934 486 3002 instituta,
506 2934 643 3007 iniurias:
671 2933 769 2991 addite
790 2932 914 3007 Apronii
937 2933 1085 2991 Venerio

217 3050 334 3108 rumque
347 3047 504 3100 servorum,
514 3031 545 3090 in
555 3049 623 3106 agro
633 3033 795 3090 decumano
805 3047 895 3105 regna
904 3047 940 3088 ao
954 3031 1086 3104 rapinas.

217 3133 396 3210 Quamquam
410 3131 483 3190 haec
496 3132 616 3190 omitto:
636 3133 673 3188 de
691 3131 767 3188 cella
788 3132 896 3206 loquor.
936 3129 1087 3188 Placetne

214 3235 310 3305 vobis,
329 3234 361 3293 in
380 3235 486 3292 cellam
499 3231 710 3307 magistratibus
724 3230 830 3289 nmtris·
842 3230 1016 3288 fulmentum
1037 3226 1087 3286 Si·

244 3389 268 3423 ⁹⁷
283 3391 369 3436 Nunws
378 3403 428 3436 cero
436 3393 463 3434 ot
472 3387 524 3448 det]
548 3385 585 3434 Sic
594 3383 653 3433 edidi
663 3399 703 3488 pro
712 3385 782 3440 daret,
789 3384 847 3446 quod
858 3398 907 3430 cum
918 3382 1006 3438 ceteris,
1015 3377 1093 3430 metit

214 3448 373 3509 praesentibus,
390 3459 434 3492 non
449 3446 555 3504 congruit.
593 3446 618 3492 ln
633 3446 662 3491 ed
679 3459 728 3504 .pr.
746 3447 780 3489 est
793 3443 861 3489 etiam
876 3445 996 3500 promeret.
1031 3438 1092 3484 Hoc

216 3504 313 3554 correxit
324 3505 393 3551 Aldus
399 3499 423 3549 e't
432 3502 503 3549 edidit
511 3503 610 3562 quaerit.-
625 3517 664 3550 eur
678 3516 730 3560 ergo
740 3515 784 3548 non
801 3505 825 3547 et
835 3500 951 3547 altemmi’
965 3500 1020 3548 Quo
1032 3508 1094 3554 Jure

214 3579 228 3610 e
237 3565 349 3634 qrmertret
357 3563 439 3608 factum
448 3561 541 3620 pmestt,
551 3562 630 3607 eodem
638 3575 677 3606 nos
687 3575 700 3604 e
709 3561 771 3606 daret
791 3558 879 3605 lecimus
889 3558 930 3604 det.
957 3553 1006 3603 Ma.
1019 3556 1094 3603 Nan·

213 3622 331 3728 nishpntem
364 3634 390 3666 ro
408 3620 443 3666 his
457 3633 509 3690 qma
524 3677 533 3724 l
546 3619 663 3724 ·tq1merit,
673 3617 770 3666 habebat
790 3631 842 3678 ptos
860 3631 908 3664 mo
921 3619 1005 3674 estrat,
1024 3611 1096 3674 quod

213 3693 244 3727 mr
276 3693 350 3742 sauep
417 3691 562 3738 momsrugo
573 3691 594 3725 o.
927 3725 934 3732 ,
