2486 4212
212 253 272 318 150
464 293 468 300 -
542 251 578 308 ΙΝ
592 252 736 314 debt

196 415 341 476 „mquam
349 400 585 466 tentissime⁴⁸in
595 407 752 467 donatione
762 405 934 469 histrionum
942 401 1079 470 munna

206 497 260 556 vit.
302 499 437 562 Tametsi
443 503 614 576 jamdudum
626 523 699 574 erro,
712 505 762 580 qui
780 511 851 564 tam.
862 509 953 564 mults
969 508 1007 564 de
1020 499 1077 566 tuis

205 597 380 657 emtionibus
395 603 486 660 verba
503 603 619 672 faciam,
629 607 660 660 et
667 620 812 678 quaeram,
824 600 843 634 ⁴²
852 607 947 678 utrum
957 603 1074 672 emeris,

205 698 236 752 et
254 698 408 771 quomodo,
426 703 456 758 et
476 700 578 775 quanti
598 701 720 758 emeris:
741 697 846 774 ‘'quod
863 701 959 758 verbo-
976 699 1078 758 transi·

204 810 274 868 gere
295 813 420 868 possum.
461 798 525 856 Ede
547 798 619 856 mibi
640 798 789 871 seriptum,
812 797 882 872 quid
906 797 1019 872 argenti
1043 798 1075 856 in

205 893 358 966 provincia
380 895 483 953 Sioilia
504 895 621 970 pararis,
645 893 722 953 unde
746 894 881 970 quidque,
903 899 951 952 aut
972 893 1076 970 quanti

204 990 318 1048 emeris.
360 990 438 1063 Quid
451 989 504 1052 fit?
534 1009 706 1068 quamquam
719 1009 778 1052 non
791 991 933 1050 debebam
952 1009 1006 1066 ego
1019 993 1074 1050 abs

205 1091 234 1145 te
256 1089 309 1144 has
330 1088 441 1148 litteras
455 1108 590 1164 posuere:
611 1108 659 1149 me
672 1090 752 1148 enim
765 1089 877 1148 tabulas
891 1094 955 1147 tuas
969 1089 1077 1148 habere

203 1189 235 1243 et
252 1187 377 1259 proferro
394 1192 554 1261 oportebat.
595 1188 707 1246 Verum
721 1204 810 1262 negas
823 1191 853 1245 ta
867 1188 970 1245 horum
984 1203 1075 1245 anno·

204 1301 266 1342 rum
279 1285 388 1361 aliquot
400 1287 571 1347 confecisse.
614 1283 764 1360 compone
778 1287 844 1353 hoo,
858 1286 934 1360 quod
948 1285 1072 1358 postulo,

203 1382 241 1442 de
261 1389 396 1458 argento:
424 1386 461 1444 da
480 1386 590 1461 reliquo
603 1384 714 1442 videro.
754 1381 817 1440 Neo
828 1381 963 1459 sotpsnn
976 1379 1074 1452 habeo,

203 1497 253 1536 mo
268 1499 388 1558 possum
408 1457 495 1540 idere.
537 1482 614 1554 Quid
637 1481 870 1556 iuturumnigitur
897 1478 964 1538 est?
996 1480 1076 1553 Quid

203 1577 353 1636 existimas
366 1580 454 1637 hosoe
472 1579 588 1652 judiees
602 1579 698 1636 iacere
720 1577 826 1653 posse?
840 1635 842 1640 ,
854 1578 967 1654 Domus
987 1581 1077 1652 plena

203 1675 349 1751 signorum
362 1661 616 1752 pulcherrimorum
623 1676 687 1750 jam
706 1677 796 1736 etiam
804 1682 877 1746 ¹ante
890 1680 1054 1750 praeturam
1067 1696 1075 1732 s

204 1776 296 1834 multa
318 1777 355 1833 ad
369 1777 455 1834 villas
477 1781 540 1835 tuns
561 1775 665 1851 posita,
682 1776 759 1849 apud
783 1775 892 1842 amieos
914 1775 1006 1832 multa
1027 1775 1078 1831 ds·

203 1873 307 1947 posito,
321 1877 412 1932 multa
424 1875 489 1934 aliis
502 1876 570 1933 data
584 1879 669 1950 atque
680 1875 806 1932 donata:
827 1874 942 1931 tabulae
961 1873 1074 1930 nullum

203 1969 337 2029 indicant
350 1977 467 2030 emtum.
491 1989 578 2032 omne
592 1976 742 2048 argentum
766 1973 894 2044 ablatum
915 1987 952 2028 ex
969 1968 1075 2028 Sicilia

158 2066 161 2076 “
205 2071 264 2123 est:
285 2066 358 2124 nibil
379 2068 522 2142 uniquam,
537 2070 612 2144 quod
634 2085 716 2126 suum
740 2067 802 2126 diei
816 2070 917 2137 vellet,
929 2067 1078 2126 relictum.

189 2177 190 2180 ’
204 2163 340 2238 Pingitur
356 2165 487 2240 improba
494 2166 640 2236 defensio,
653 2171 815 2240 praetorem
828 2183 915 2224 omne
928 2167 959 2250 id
973 2183 1075 2241 argen-

203 2265 265 2320 tum
273 2262 431 2324 oodmisse:
446 2271 543 2325 umen
553 2265 678 2340 idipsum
688 2265 794 2324 tabulis
806 2265 997 2324 demonstrari
1010 2281 1071 2324 non

203 2366 307 2435 potest
349 2363 467 2440 Siquos
480 2365 592 2423 tabulas
610 2364 727 2438 profers,
745 2363 779 2422 in
798 2363 855 2432 bis,
866 2363 936 2439 quid
954 2363 1084 2434 habeas·

203 2461 347 2534 quomodo
367 2457 484 2532 habeas,
504 2462 643 2535 seriptum
664 2479 724 2520 non
745 2465 800 2518 est.
841 2461 958 2522 Horum·
972 2459 1071 2520 autem

205 2560 373 2631 temporum,
387 2545 460 2634 oum*
477 2564 507 2617 te
529 2560 665 2634 plurimas
687 2577 733 2618 res
756 2559 862 2618 emisso
876 2558 976 2626 dieas,
990 2561 1071 2618 tabu·

205 2655 248 2714 las
262 2658 381 2716 omnino
399 2660 492 2718 nutias
513 2658 655 2734 proferas:
675 2675 773 2716 nonne
798 2662 827 2714 te
849 2662 880 2715 et
903 2657 1022 2732 prolatis
1042 2660 1075 2715 et

204 2810 943 2932 mriquitfflbttdffi‘b
950 2809 1074 2927 usu

206 2929 242 2972 79.
253 2940 274 2972 v.
284 2925 348 2975 Clas.
380 2929 425 2975 sed
434 2942 491 2988 quae
500 2928 531 2974 ibi
540 2929 613 2976 locum
622 2931 691 2976 habet
699 2927 845 2978 aestimatio?
867 2927 949 2975 Haesit
959 2926 998 2974 hia
1011 2931 1037 2974 et
1045 2926 1074 2976 1³.

205 2981 330 3032 Manutius.
361 2985 415 3032 Non
424 2985 583 3046 intelligam
590 2987 703 3048 explicare
711 3000 807 3048 possim.

235 3061 359 3110 ”abnam
381 3064 465 3110 amnt.
517 3063 626 3112 Graevius
646 3063 735 3110 addidit
756 3079 770 3110 e
788 3063 836 3113 Ms.
858 3061 917 3122 Res.
936 3077 976 3110 nec
991 3076 1028 3120 su,
1047 3065 1076 3111 ut

206 3124 241 3169 est
258 3125 282 3168 et
298 3119 322 3168 in
335 3121 379 3170 Gn.
399 3121 456 3169 bene
493 3121 547 3169 tine.
578 3123 629 3192 ,Sed
648 3123 672 3170 id
683 3122 780 3170 'videtur
798 3137 846 3170 esse
864 3135 879 3168 a
896 3121 1019 3180 glossatore
1035 3120 1075 3167 vel

207 3239 274 3286 mam
292 3181 663 3312 αιιῦιῗιῒιιιῗὲῗῖεωᾞῖῗῂῗιῗῗ)
674 3181 845 3288 Wlfflin
858 3179 955 3288 siim
993 3193 1021 3286 εἷ
1041 3191 1076 3286 ἒ

206 3300 281 3345 husen
290 3299 365 3360 plures
376 3299 427 3347 bbn
437 3303 594 3358 oomentsrent,
604 3301 740 3362 praeter-rem
749 3313 789 3346 nec
797 3313 833 3346 ns.

205 3373 642 3494 &madmvzrissoffismsnl
671 3375 874 3430 donastistas.
886 3372 1078 3440 amaneus·
