<?xml version="1.0" encoding="UTF-8"?>
<!DOCTYPE html PUBLIC "-//W3C//DTD XHTML 1.0 Transitional//EN"
    "http://www.w3.org/TR/xhtml1/DTD/xhtml1-transitional.dtd">
<html xmlns="http://www.w3.org/1999/xhtml" xml:lang="en" lang="en">
 <head>
  <title>
</title>
<meta http-equiv="Content-Type" content="text/html;charset=utf-8" />
  <meta name='ocr-system' content='tesseract 3.04.00' />
  <meta name='ocr-capabilities' content='ocr_page ocr_carea ocr_par ocr_line ocrx_word'/>
</head>
<body>
  <div class='ocr_page' id='page_1' title='image "./mtvlliiciceroni10cicegoog/mtvlliiciceroni10cicegoog_0297.png"; bbox 0 0 2428 4212; ppageno 0'>
   <div class='ocr_carea' id='block_1_1' title="bbox 223 265 755 336">
    <p class='ocr_par' dir='ltr' id='par_1_1' title="bbox 223 265 755 336">
     <span class='ocr_line' id='line_1_1' title="bbox 223 265 755 336; baseline 0 -1"><span class='ocrx_word' id='word_1_1' title='bbox 223 273 287 336; x_wconf 70' lang='lat'><strong>258</strong></span> <span class='ocrx_word' id='word_1_2' title='bbox 562 265 599 318; x_wconf 85' lang='lat' dir='ltr'><strong>ur</strong></span> <span class='ocrx_word' id='word_1_3' title='bbox 612 265 755 318; x_wconf 60' lang='lat' dir='ltr'><strong>VERUM</strong></span> 
     </span>
    </p>
   </div>
   <div class='ocr_carea' id='block_1_2' title="bbox 221 415 1099 610">
    <p class='ocr_par' dir='ltr' id='par_1_2' title="bbox 221 415 1099 610">
     <span class='ocr_line' id='line_1_2' title="bbox 222 415 1098 490; baseline 0.003 -14"><span class='ocrx_word' id='word_1_4' title='bbox 222 421 254 476; x_wconf 87' lang='lat' dir='ltr'><strong>et</strong></span> <span class='ocrx_word' id='word_1_5' title='bbox 275 416 425 476; x_wconf 70' lang='lat' dir='ltr'><strong>inroras:</strong></span> <span class='ocrx_word' id='word_1_6' title='bbox 443 415 595 474; x_wconf 71' lang='lat' dir='ltr'><strong>mahhciie</strong></span> <span class='ocrx_word' id='word_1_7' title='bbox 618 421 767 490; x_wconf 74' lang='lat' dir='ltr'><strong>empto</strong></span> <span class='ocrx_word' id='word_1_8' title='bbox 784 416 931 478; x_wconf 66' lang='lat' dir='ltr'><strong>excitatis</strong></span> <span class='ocrx_word' id='word_1_9' title='bbox 950 415 1098 490; x_wconf 70' lang='lat' dir='ltr'><strong>«linitas,</strong></span> 
     </span>
     <span class='ocr_line' id='line_1_3' title="bbox 221 516 1099 610; baseline 0.006 -37"><span class='ocrx_word' id='word_1_10' title='bbox 221 519 297 594; x_wconf 78' lang='lat' dir='ltr'><strong>qnod</strong></span> <span class='ocrx_word' id='word_1_11' title='bbox 320 517 416 610; x_wconf 73' lang='lat' dir='ltr'><strong>sciret,</strong></span> <span class='ocrx_word' id='word_1_12' title='bbox 429 516 486 574; x_wconf 88' lang='lat' dir='ltr'><strong>eibi</strong></span> <span class='ocrx_word' id='word_1_13' title='bbox 509 516 625 574; x_wconf 83' lang='lat' dir='ltr'><strong>crimini</strong></span> <span class='ocrx_word' id='word_1_14' title='bbox 645 517 744 574; x_wconf 79' lang='lat' dir='ltr'><strong>alatum</strong></span> <span class='ocrx_word' id='word_1_15' title='bbox 765 516 810 584; x_wconf 86' lang='lat' dir='ltr'><strong>iri,</strong></span> <span class='ocrx_word' id='word_1_16' title='bbox 831 519 986 600; x_wconf 78' lang='lat' dir='ltr'><strong>pecrrpianr</strong></span> <span class='ocrx_word' id='word_1_17' title='bbox 1011 537 1099 578; x_wconf 87' lang='lat' dir='ltr'><strong>accc·</strong></span> 
     </span>
    </p>
   </div>
   <div class='ocr_carea' id='block_1_3' title="bbox 220 613 1099 988">
    <p class='ocr_par' dir='ltr' id='par_1_3' title="bbox 220 613 1099 988">
     <span class='ocr_line' id='line_1_4' title="bbox 220 613 1098 692; baseline 0 -18"><span class='ocrx_word' id='word_1_18' title='bbox 220 615 307 692; x_wconf 80' lang='lat' dir='ltr'><strong>pleae,</strong></span> <span class='ocrx_word' id='word_1_19' title='bbox 320 633 414 691; x_wconf 84' lang='lat' dir='ltr'><strong>neque</strong></span> <span class='ocrx_word' id='word_1_20' title='bbox 429 617 466 673; x_wconf 82' lang='lat' dir='ltr'><strong>‹le</strong></span> <span class='ocrx_word' id='word_1_21' title='bbox 480 633 552 673; x_wconf 86' lang='lat' dir='ltr'><strong>voro</strong></span> <span class='ocrx_word' id='word_1_22' title='bbox 566 615 739 688; x_wconf 84' lang='lat' dir='ltr'><strong>archipirata</strong></span> <span class='ocrx_word' id='word_1_23' title='bbox 759 613 895 674; x_wconf 80' lang='lat' dir='ltr'><strong>sumsisse</strong></span> <span class='ocrx_word' id='word_1_24' title='bbox 909 617 1098 690; x_wconf 78' lang='lat' dir='ltr'><strong>suppliciam,</strong></span> 
     </span>
     <span class='ocr_line' id='line_1_5' title="bbox 220 713 1098 790; baseline -0.002 -16"><span class='ocrx_word' id='word_1_25' title='bbox 220 714 288 774; x_wconf 82' lang='lat' dir='ltr'><strong>idco</strong></span> <span class='ocrx_word' id='word_1_26' title='bbox 301 716 396 774; x_wconf 66' lang='lat' dir='ltr'><strong>mouri</strong></span> <span class='ocrx_word' id='word_1_27' title='bbox 406 733 466 774; x_wconf 90' lang='lat' dir='ltr'><strong>non</strong></span> <span class='ocrx_word' id='word_1_28' title='bbox 476 715 668 790; x_wconf 67' lang='lat' dir='ltr'><strong>percussisse:</strong></span> <span class='ocrx_word' id='word_1_29' title='bbox 680 713 758 772; x_wconf 79' lang='lat' dir='ltr'><strong>domi</strong></span> <span class='ocrx_word' id='word_1_30' title='bbox 767 731 831 770; x_wconf 80' lang='lat' dir='ltr'><strong>csso</strong></span> <span class='ocrx_word' id='word_1_31' title='bbox 840 716 916 788; x_wconf 82' lang='lat' dir='ltr'><strong>apud</strong></span> <span class='ocrx_word' id='word_1_32' title='bbox 927 733 992 772; x_wconf 82' lang='lat' dir='ltr'><strong>sese</strong></span> <span class='ocrx_word' id='word_1_33' title='bbox 1000 717 1098 774; x_wconf 81' lang='lat' dir='ltr'><strong>archi-</strong></span> 
     </span>
     <span class='ocr_line' id='line_1_6' title="bbox 220 810 1098 890; baseline -0.003 -17"><span class='ocrx_word' id='word_1_34' title='bbox 220 815 328 890; x_wconf 86' lang='lat' dir='ltr'><strong>piratas</strong></span> <span class='ocrx_word' id='word_1_35' title='bbox 338 814 414 872; x_wconf 79' lang='lat' dir='ltr'><strong>dixit</strong></span> <span class='ocrx_word' id='word_1_36' title='bbox 424 816 506 872; x_wconf 84' lang='lat' dir='ltr'><strong>duos.</strong></span> <span class='ocrx_word' id='word_1_37' title='bbox 548 814 573 870; x_wconf 93' lang='lat'>0</span> <span class='ocrx_word' id='word_1_38' title='bbox 588 812 774 870; x_wconf 78' lang='lat' dir='ltr'><strong>clementiam</strong></span> <span class='ocrx_word' id='word_1_39' title='bbox 784 813 883 886; x_wconf 90' lang='lat' dir='ltr'><strong>populi</strong></span> <span class='ocrx_word' id='word_1_40' title='bbox 893 810 1026 880; x_wconf 84' lang='lat' dir='ltr'><strong>Romani,</strong></span> <span class='ocrx_word' id='word_1_41' title='bbox 1038 831 1098 870; x_wconf 81' lang='lat' dir='ltr'><strong>acu</strong></span> 
     </span>
     <span class='ocr_line' id='line_1_7' title="bbox 220 911 1099 988; baseline -0.005 -16"><span class='ocrx_word' id='word_1_42' title='bbox 220 913 316 988; x_wconf 78' lang='lat' dir='ltr'><strong>potius</strong></span> <span class='ocrx_word' id='word_1_43' title='bbox 330 913 499 987; x_wconf 81' lang='lat' dir='ltr'><strong>patientiam</strong></span> <span class='ocrx_word' id='word_1_44' title='bbox 519 912 622 970; x_wconf 83' lang='lat' dir='ltr'><strong>miram</strong></span> <span class='ocrx_word' id='word_1_45' title='bbox 640 927 677 968; x_wconf 86' lang='lat' dir='ltr'><strong>ac</strong></span> <span class='ocrx_word' id='word_1_46' title='bbox 700 912 893 985; x_wconf 70' lang='lat' dir='ltr'><strong>singularem!</strong></span> <span class='ocrx_word' id='word_1_47' title='bbox 913 911 1019 968; x_wconf 78' lang='lat' dir='ltr'><strong>Oivcm</strong></span> <span class='ocrx_word' id='word_1_48' title='bbox 1031 911 1099 970; x_wconf 86' lang='lat' dir='ltr'><strong>Ro·</strong></span> 
     </span>
    </p>
   </div>
   <div class='ocr_carea' id='block_1_4' title="bbox 132 1010 1097 1085">
    <p class='ocr_par' dir='ltr' id='par_1_4' title="bbox 132 1010 1097 1085">
     <span class='ocr_line' id='line_1_8' title="bbox 132 1010 1097 1085; baseline -0.004 -13"><span class='ocrx_word' id='word_1_49' title='bbox 132 1045 135 1050; x_wconf 92' lang='lat'>·</span> <span class='ocrx_word' id='word_1_50' title='bbox 219 1029 337 1072; x_wconf 82' lang='lat' dir='ltr'><strong>manum</strong></span> <span class='ocrx_word' id='word_1_51' title='bbox 355 1011 448 1070; x_wconf 84' lang='lat' dir='ltr'><strong>securi</strong></span> <span class='ocrx_word' id='word_1_52' title='bbox 469 1029 533 1068; x_wconf 83' lang='lat' dir='ltr'><strong>cess</strong></span> <span class='ocrx_word' id='word_1_53' title='bbox 555 1027 732 1084; x_wconf 83' lang='lat' dir='ltr'><strong>percussum,</strong></span> <span class='ocrx_word' id='word_1_54' title='bbox 748 1010 973 1085; x_wconf 72' lang='lat' dir='ltr'><strong>Anniuacqnes</strong></span> <span class='ocrx_word' id='word_1_55' title='bbox 986 1011 1097 1068; x_wconf 82' lang='lat' dir='ltr'><strong>Roma·</strong></span> 
     </span>
    </p>
   </div>
   <div class='ocr_carea' id='block_1_5' title="bbox 212 1105 1096 2564">
    <p class='ocr_par' dir='ltr' id='par_1_5' title="bbox 212 1105 1096 2564">
     <span class='ocr_line' id='line_1_9' title="bbox 219 1105 1096 1184; baseline -0.003 -16"><span class='ocrx_word' id='word_1_56' title='bbox 219 1127 272 1168; x_wconf 72' lang='lat' dir='ltr'><strong>m</strong></span> <span class='ocrx_word' id='word_1_57' title='bbox 286 1110 373 1168; x_wconf 84' lang='lat' dir='ltr'><strong>dicit:</strong></span> <span class='ocrx_word' id='word_1_58' title='bbox 395 1115 484 1168; x_wconf 85' lang='lat' dir='ltr'><strong>tacce.</strong></span> <span class='ocrx_word' id='word_1_59' title='bbox 505 1110 711 1184; x_wconf 74' lang='lat' dir='ltr'><strong>archipiratam</strong></span> <span class='ocrx_word' id='word_1_60' title='bbox 731 1113 835 1182; x_wconf 74' lang='lat' dir='ltr'><strong>negat:</strong></span> <span class='ocrx_word' id='word_1_61' title='bbox 855 1107 963 1164; x_wconf 72' lang='lat' dir='ltr'><strong>laterh.</strong></span> <span class='ocrx_word' id='word_1_62' title='bbox 983 1105 1048 1164; x_wconf 69' lang='lat' dir='ltr'><strong>nulit</strong></span> <span class='ocrx_word' id='word_1_63' title='bbox 1061 1108 1096 1166; x_wconf 79' lang='lat' dir='ltr'><strong>in</strong></span> 
     </span>
     <span class='ocr_line' id='line_1_10' title="bbox 218 1207 1095 1283; baseline -0.005 -15"><span class='ocrx_word' id='word_1_64' title='bbox 218 1225 255 1268; x_wconf 82' lang='lat' dir='ltr'><strong>ao</strong></span> <span class='ocrx_word' id='word_1_65' title='bbox 267 1208 391 1283; x_wconf 70' lang='lat' dir='ltr'><strong>garritus</strong></span> <span class='ocrx_word' id='word_1_66' title='bbox 404 1207 534 1268; x_wconf 87' lang='lat' dir='ltr'><strong>omnium</strong></span> <span class='ocrx_word' id='word_1_67' title='bbox 555 1215 585 1264; x_wconf 86' lang='lat' dir='ltr'><strong>ct</strong></span> <span class='ocrx_word' id='word_1_68' title='bbox 599 1210 726 1274; x_wconf 59' lang='lat' dir='ltr'><strong>clamne·</strong></span> <span class='ocrx_word' id='word_1_69' title='bbox 735 1221 803 1264; x_wconf 78' lang='lat' dir='ltr'><strong>cnm</strong></span> <span class='ocrx_word' id='word_1_70' title='bbox 816 1212 916 1264; x_wconf 79' lang='lat' dir='ltr'><strong>tamen</strong></span> <span class='ocrx_word' id='word_1_71' title='bbox 924 1223 946 1271; x_wconf 82' lang='lat' dir='ltr'><strong>a</strong></span> <span class='ocrx_word' id='word_1_72' title='bbox 960 1221 1095 1280; x_wconf 81' lang='lat' dir='ltr'><strong>praesen-</strong></span> 
     </span>
     <span class='ocr_line' id='line_1_11' title="bbox 218 1305 1092 1383; baseline -0.005 -17"><span class='ocrx_word' id='word_1_73' title='bbox 218 1308 242 1366; x_wconf 83' lang='lat' dir='ltr'><strong>ti</strong></span> <span class='ocrx_word' id='word_1_74' title='bbox 255 1308 400 1383; x_wconf 81' lang='lat' dir='ltr'><strong>supplicio</strong></span> <span class='ocrx_word' id='word_1_75' title='bbox 421 1314 470 1365; x_wconf 91' lang='lat' dir='ltr'><strong>tuo</strong></span> <span class='ocrx_word' id='word_1_76' title='bbox 491 1325 522 1364; x_wconf 84' lang='lat' dir='ltr'><strong>sc</strong></span> <span class='ocrx_word' id='word_1_77' title='bbox 543 1305 687 1364; x_wconf 82' lang='lat' dir='ltr'><strong>continuit</strong></span> <span class='ocrx_word' id='word_1_78' title='bbox 706 1307 827 1379; x_wconf 87' lang='lat' dir='ltr'><strong>populus</strong></span> <span class='ocrx_word' id='word_1_79' title='bbox 841 1305 990 1362; x_wconf 83' lang='lat' dir='ltr'><strong>Romanus</strong></span> <span class='ocrx_word' id='word_1_80' title='bbox 1004 1310 1034 1362; x_wconf 84' lang='lat' dir='ltr'><strong>at</strong></span> <span class='ocrx_word' id='word_1_81' title='bbox 1047 1323 1092 1362; x_wconf 90' lang='lat' dir='ltr'><strong>re·</strong></span> 
     </span>
     <span class='ocr_line' id='line_1_12' title="bbox 218 1403 1090 1482; baseline -0.001 -18"><span class='ocrx_word' id='word_1_82' title='bbox 218 1408 332 1482; x_wconf 80' lang='lat' dir='ltr'><strong>praesit,</strong></span> <span class='ocrx_word' id='word_1_83' title='bbox 342 1413 373 1464; x_wconf 82' lang='lat' dir='ltr'><strong>ot</strong></span> <span class='ocrx_word' id='word_1_84' title='bbox 390 1405 411 1438; x_wconf 79' lang='lat'><strong>⁰⁴</strong></span> <span class='ocrx_word' id='word_1_85' title='bbox 421 1405 522 1463; x_wconf 85' lang='lat' dir='ltr'><strong>salutis</strong></span> <span class='ocrx_word' id='word_1_86' title='bbox 542 1421 611 1462; x_wconf 83' lang='lat' dir='ltr'><strong>suaa</strong></span> <span class='ocrx_word' id='word_1_87' title='bbox 625 1405 769 1462; x_wconf 86' lang='lat' dir='ltr'><strong>rationem</strong></span> <span class='ocrx_word' id='word_1_88' title='bbox 782 1403 916 1477; x_wconf 85' lang='lat' dir='ltr'><strong>judicum</strong></span> <span class='ocrx_word' id='word_1_89' title='bbox 935 1403 1090 1462; x_wconf 82' lang='lat' dir='ltr'><strong>severitati</strong></span> 
     </span>
     <span class='ocr_line' id='line_1_13' title="bbox 218 1500 1090 1574; baseline -0.002 -12"><span class='ocrx_word' id='word_1_90' title='bbox 218 1504 389 1562; x_wconf 75' lang='lat' dir='ltr'><strong>reservavit.</strong></span> <span class='ocrx_word' id='word_1_91' title='bbox 446 1505 503 1574; x_wconf 82' lang='lat' dir='ltr'><strong>Qui</strong></span> <span class='ocrx_word' id='word_1_92' title='bbox 533 1502 646 1560; x_wconf 76' lang='lat' dir='ltr'><strong>sciebas</strong></span> <span class='ocrx_word' id='word_1_93' title='bbox 670 1502 723 1558; x_wconf 89' lang='lat' dir='ltr'><strong>tihi</strong></span> <span class='ocrx_word' id='word_1_94' title='bbox 757 1501 872 1560; x_wconf 84' lang='lat' dir='ltr'><strong>crimini</strong></span> <span class='ocrx_word' id='word_1_95' title='bbox 903 1503 1005 1560; x_wconf 83' lang='lat' dir='ltr'><strong>datum</strong></span> <span class='ocrx_word' id='word_1_96' title='bbox 1031 1500 1090 1560; x_wconf 83' lang='lat' dir='ltr'><strong>iri?</strong></span> 
     </span>
     <span class='ocr_line' id='line_1_14' title="bbox 216 1598 1088 1676; baseline -0.003 -15"><span class='ocrx_word' id='word_1_97' title='bbox 216 1604 401 1676; x_wconf 65' lang='lat' dir='ltr'><strong>manantem</strong></span> <span class='ocrx_word' id='word_1_98' title='bbox 414 1598 549 1658; x_wconf 80' lang='lat' dir='ltr'><strong>sciebas?</strong></span> <span class='ocrx_word' id='word_1_99' title='bbox 568 1603 753 1675; x_wconf 78' lang='lat' dir='ltr'><strong>quamobrem</strong></span> <span class='ocrx_word' id='word_1_100' title='bbox 767 1600 856 1660; x_wconf 79' lang='lat' dir='ltr'><strong>ctiam</strong></span> <span class='ocrx_word' id='word_1_101' title='bbox 878 1599 1088 1675; x_wconf 77' lang='lat' dir='ltr'><strong>srupicahare?</strong></span> 
     </span>
     <span class='ocr_line' id='line_1_15' title="bbox 217 1698 1089 1769; baseline 0 -11"><span class='ocrx_word' id='word_1_102' title='bbox 217 1700 368 1760; x_wconf 73' lang='lat' dir='ltr'><strong>inimicum</strong></span> <span class='ocrx_word' id='word_1_103' title='bbox 382 1701 510 1758; x_wconf 84' lang='lat' dir='ltr'><strong>habebas</strong></span> <span class='ocrx_word' id='word_1_104' title='bbox 531 1698 687 1758; x_wconf 86' lang='lat' dir='ltr'><strong>neminem.</strong></span> <span class='ocrx_word' id='word_1_105' title='bbox 708 1699 734 1756; x_wconf 84' lang='lat' dir='ltr'><strong>si</strong></span> <span class='ocrx_word' id='word_1_106' title='bbox 754 1701 885 1769; x_wconf 85' lang='lat' dir='ltr'><strong>haberes,</strong></span> <span class='ocrx_word' id='word_1_107' title='bbox 909 1705 1007 1758; x_wconf 87' lang='lat' dir='ltr'><strong>tamen</strong></span> <span class='ocrx_word' id='word_1_108' title='bbox 1028 1715 1089 1758; x_wconf 78' lang='lat' dir='ltr'><strong>noe</strong></span> 
     </span>
     <span class='ocr_line' id='line_1_16' title="bbox 217 1798 1088 1873; baseline 0.001 -16"><span class='ocrx_word' id='word_1_109' title='bbox 217 1799 260 1858; x_wconf 86' lang='lat' dir='ltr'><strong>lta</strong></span> <span class='ocrx_word' id='word_1_110' title='bbox 293 1799 419 1868; x_wconf 79' lang='lat' dir='ltr'><strong>vixeras,</strong></span> <span class='ocrx_word' id='word_1_111' title='bbox 445 1808 477 1858; x_wconf 88' lang='lat' dir='ltr'><strong>ut</strong></span> <span class='ocrx_word' id='word_1_112' title='bbox 505 1803 614 1858; x_wconf 84' lang='lat' dir='ltr'><strong>metum</strong></span> <span class='ocrx_word' id='word_1_113' title='bbox 640 1799 747 1871; x_wconf 89' lang='lat' dir='ltr'><strong>jndicii</strong></span> <span class='ocrx_word' id='word_1_114' title='bbox 776 1798 953 1873; x_wconf 87' lang='lat' dir='ltr'><strong>propositum</strong></span> <span class='ocrx_word' id='word_1_115' title='bbox 981 1801 1088 1858; x_wconf 80' lang='lat' dir='ltr'><strong>hahere</strong></span> 
     </span>
     <span class='ocr_line' id='line_1_17' title="bbox 218 1897 1089 1972; baseline 0 -16"><span class='ocrx_word' id='word_1_116' title='bbox 218 1899 349 1957; x_wconf 74' lang='lat' dir='ltr'><strong>deheres.</strong></span> <span class='ocrx_word' id='word_1_117' title='bbox 405 1899 454 1956; x_wconf 80' lang='lat' dir='ltr'><strong>An</strong></span> <span class='ocrx_word' id='word_1_118' title='bbox 484 1903 522 1965; x_wconf 85' lang='lat' dir='ltr'><strong>ta,</strong></span> <span class='ocrx_word' id='word_1_119' title='bbox 548 1898 579 1954; x_wconf 86' lang='lat' dir='ltr'><strong>id</strong></span> <span class='ocrx_word' id='word_1_120' title='bbox 605 1899 680 1972; x_wconf 87' lang='lat' dir='ltr'><strong>quod</strong></span> <span class='ocrx_word' id='word_1_121' title='bbox 707 1897 769 1954; x_wconf 85' lang='lat' dir='ltr'><strong>ficri</strong></span> <span class='ocrx_word' id='word_1_122' title='bbox 796 1901 880 1966; x_wconf 87' lang='lat' dir='ltr'><strong>solet,</strong></span> <span class='ocrx_word' id='word_1_123' title='bbox 907 1899 1089 1956; x_wconf 79' lang='lat' dir='ltr'><strong>conscientia</strong></span> 
     </span>
     <span class='ocr_line' id='line_1_18' title="bbox 216 1993 1086 2070; baseline 0.002 -16"><span class='ocrx_word' id='word_1_124' title='bbox 216 1997 349 2054; x_wconf 78' lang='lat' dir='ltr'><strong>timidum</strong></span> <span class='ocrx_word' id='word_1_125' title='bbox 371 1997 615 2069; x_wconf 83' lang='lat' dir='ltr'><strong>suspiciosumque</strong></span> <span class='ocrx_word' id='word_1_126' title='bbox 628 1995 754 2053; x_wconf 80' lang='lat' dir='ltr'><strong>saciabat</strong></span> <span class='ocrx_word' id='word_1_127' title='bbox 769 1993 785 2054; x_wconf 51' lang='lat' dir='ltr'><strong>¹l</strong></span> <span class='ocrx_word' id='word_1_128' title='bbox 806 1997 865 2070; x_wconf 80' lang='lat' dir='ltr'><strong>Qui</strong></span> <span class='ocrx_word' id='word_1_129' title='bbox 876 1995 972 2070; x_wconf 81' lang='lat' dir='ltr'><strong>igitur,</strong></span> <span class='ocrx_word' id='word_1_130' title='bbox 991 1996 1086 2056; x_wconf 72' lang='lat' dir='ltr'><strong>⁰⁵curu</strong></span> 
     </span>
     <span class='ocr_line' id='line_1_19' title="bbox 214 2093 1085 2166; baseline 0.002 -14"><span class='ocrx_word' id='word_1_131' title='bbox 214 2109 294 2152; x_wconf 79' lang='lat' dir='ltr'><strong>asses</strong></span> <span class='ocrx_word' id='word_1_132' title='bbox 326 2094 357 2149; x_wconf 85' lang='lat' dir='ltr'><strong>in</strong></span> <span class='ocrx_word' id='word_1_133' title='bbox 392 2093 522 2165; x_wconf 86' lang='lat' dir='ltr'><strong>imperio,</strong></span> <span class='ocrx_word' id='word_1_134' title='bbox 549 2094 612 2166; x_wconf 83' lang='lat' dir='ltr'><strong>jam</strong></span> <span class='ocrx_word' id='word_1_135' title='bbox 637 2098 699 2150; x_wconf 80' lang='lat' dir='ltr'><strong>urm</strong></span> <span class='ocrx_word' id='word_1_136' title='bbox 733 2095 878 2165; x_wconf 85' lang='lat' dir='ltr'><strong>jndicium</strong></span> <span class='ocrx_word' id='word_1_137' title='bbox 911 2100 941 2152; x_wconf 86' lang='lat' dir='ltr'><strong>et</strong></span> <span class='ocrx_word' id='word_1_138' title='bbox 975 2097 1085 2154; x_wconf 79' lang='lat' dir='ltr'><strong>crimea</strong></span> 
     </span>
     <span class='ocr_line' id='line_1_20' title="bbox 212 2191 1085 2267; baseline 0.005 -19"><span class='ocrx_word' id='word_1_139' title='bbox 212 2193 366 2248; x_wconf 78' lang='lat' dir='ltr'><strong>horrebas:</strong></span> <span class='ocrx_word' id='word_1_140' title='bbox 386 2207 452 2248; x_wconf 78' lang='lat' dir='ltr'><strong>reue</strong></span> <span class='ocrx_word' id='word_1_141' title='bbox 469 2201 536 2249; x_wconf 88' lang='lat' dir='ltr'><strong>cum</strong></span> <span class='ocrx_word' id='word_1_142' title='bbox 556 2195 599 2248; x_wconf 89' lang='lat' dir='ltr'><strong>tot</strong></span> <span class='ocrx_word' id='word_1_143' title='bbox 619 2191 740 2249; x_wconf 80' lang='lat' dir='ltr'><strong>tastihus</strong></span> <span class='ocrx_word' id='word_1_144' title='bbox 760 2209 925 2267; x_wconf 78' lang='lat' dir='ltr'><strong>coarguare,</strong></span> <span class='ocrx_word' id='word_1_145' title='bbox 946 2198 1031 2267; x_wconf 82' lang='lat' dir='ltr'><strong>potes</strong></span> <span class='ocrx_word' id='word_1_146' title='bbox 1048 2196 1085 2252; x_wconf 76' lang='lat' dir='ltr'><strong>tle</strong></span> 
     </span>
     <span class='ocr_line' id='line_1_21' title="bbox 213 2286 1084 2358; baseline 0.003 -9"><span class='ocrx_word' id='word_1_147' title='bbox 213 2291 401 2349; x_wconf 54' lang='lat' dir='ltr'><strong>&amp;uenatione</strong></span> <span class='ocrx_word' id='word_1_148' title='bbox 421 2286 572 2348; x_wconf 79' lang='lat' dir='ltr'><strong>dubitare?</strong></span> <span class='ocrx_word' id='word_1_149' title='bbox 593 2290 713 2358; x_wconf 80' lang='lat' dir='ltr'><strong>Verum,</strong></span> <span class='ocrx_word' id='word_1_150' title='bbox 732 2292 759 2348; x_wconf 82' lang='lat' dir='ltr'><strong>si</strong></span> <span class='ocrx_word' id='word_1_151' title='bbox 781 2292 895 2350; x_wconf 78' lang='lat' dir='ltr'><strong>crimen</strong></span> <span class='ocrx_word' id='word_1_152' title='bbox 914 2293 971 2349; x_wconf 87' lang='lat' dir='ltr'><strong>hoo</strong></span> <span class='ocrx_word' id='word_1_153' title='bbox 996 2297 1084 2352; x_wconf 73' lang='lat' dir='ltr'><strong>metu</strong></span> 
     </span>
     <span class='ocr_line' id='line_1_22' title="bbox 214 2389 1083 2466; baseline 0.001 -18"><span class='ocrx_word' id='word_1_154' title='bbox 214 2393 293 2459; x_wconf 82' lang='lat' dir='ltr'><strong>abas,</strong></span> <span class='ocrx_word' id='word_1_155' title='bbox 308 2409 345 2448; x_wconf 88' lang='lat' dir='ltr'><strong>ne</strong></span> <span class='ocrx_word' id='word_1_156' title='bbox 364 2390 426 2464; x_wconf 71' lang='lat' dir='ltr'><strong>quiin</strong></span> <span class='ocrx_word' id='word_1_157' title='bbox 440 2391 492 2445; x_wconf 79' lang='lat' dir='ltr'><strong>aba</strong></span> <span class='ocrx_word' id='word_1_158' title='bbox 505 2393 535 2446; x_wconf 83' lang='lat' dir='ltr'><strong>tc</strong></span> <span class='ocrx_word' id='word_1_159' title='bbox 554 2389 733 2462; x_wconf 78' lang='lat' dir='ltr'><strong>suppositum</strong></span> <span class='ocrx_word' id='word_1_160' title='bbox 745 2403 809 2447; x_wconf 81' lang='lat' dir='ltr'><strong>csse</strong></span> <span class='ocrx_word' id='word_1_161' title='bbox 829 2391 949 2458; x_wconf 80' lang='lat' dir='ltr'><strong>dicerct,</strong></span> <span class='ocrx_word' id='word_1_162' title='bbox 963 2391 1013 2466; x_wconf 82' lang='lat' dir='ltr'><strong>qui</strong></span> <span class='ocrx_word' id='word_1_163' title='bbox 1032 2408 1083 2466; x_wconf 83' lang='lat' dir='ltr'><strong>pre</strong></span> 
     </span>
     <span class='ocr_line' id='line_1_23' title="bbox 214 2487 1084 2564; baseline 0.005 -18"><span class='ocrx_word' id='word_1_164' title='bbox 214 2490 390 2564; x_wconf 73' lang='lat' dir='ltr'><strong>archipirata</strong></span> <span class='ocrx_word' id='word_1_165' title='bbox 414 2488 510 2544; x_wconf 85' lang='lat' dir='ltr'><strong>securi</strong></span> <span class='ocrx_word' id='word_1_166' title='bbox 537 2487 683 2544; x_wconf 81' lang='lat' dir='ltr'><strong>feriretur:</strong></span> <span class='ocrx_word' id='word_1_167' title='bbox 708 2493 803 2546; x_wconf 75' lang='lat' dir='ltr'><strong>ulnam</strong></span> <span class='ocrx_word' id='word_1_168' title='bbox 824 2489 943 2547; x_wconf 85' lang='lat' dir='ltr'><strong>tundam</strong></span> <span class='ocrx_word' id='word_1_169' title='bbox 965 2489 1020 2548; x_wconf 81' lang='lat' dir='ltr'><strong>tici</strong></span> <span class='ocrx_word' id='word_1_170' title='bbox 1047 2492 1084 2550; x_wconf 80' lang='lat' dir='ltr'><strong>aal</strong></span> 
     </span>
    </p>
   </div>
   <div class='ocr_carea' id='block_1_6' title="bbox 136 2633 1081 2770">
    <p class='ocr_par' dir='ltr' id='par_1_6' title="bbox 136 2633 1081 2770">
     <span class='ocr_line' id='line_1_24' title="bbox 136 2633 1081 2710; baseline 0.002 -12"><span class='ocrx_word' id='word_1_171' title='bbox 136 2633 152 2651; x_wconf 35' lang='lat' dir='ltr'><em>f</em></span> <span class='ocrx_word' id='word_1_172' title='bbox 242 2649 339 2710; x_wconf 65' lang='lat' dir='ltr'><strong>ul&#39;filiu</strong></span> <span class='ocrx_word' id='word_1_173' title='bbox 348 2649 412 2708; x_wconf 59' lang='lat' dir='ltr'><strong>mg]</strong></span> <span class='ocrx_word' id='word_1_174' title='bbox 442 2648 473 2696; x_wconf 78' lang='lat' dir='ltr'><strong>la</strong></span> <span class='ocrx_word' id='word_1_175' title='bbox 488 2664 511 2696; x_wconf 79' lang='grc' dir='ltr'><strong>ω</strong></span> <span class='ocrx_word' id='word_1_176' title='bbox 528 2648 611 2696; x_wconf 84' lang='lat' dir='ltr'><strong>delevit</strong></span> <span class='ocrx_word' id='word_1_177' title='bbox 629 2648 738 2696; x_wconf 77' lang='lat' dir='ltr'><strong>Graevius</strong></span> <span class='ocrx_word' id='word_1_178' title='bbox 756 2663 770 2695; x_wconf 87' lang='lat' dir='ltr'><strong>e</strong></span> <span class='ocrx_word' id='word_1_179' title='bbox 786 2647 834 2696; x_wconf 82' lang='lat' dir='ltr'><strong>Ma.</strong></span> <span class='ocrx_word' id='word_1_180' title='bbox 848 2649 905 2708; x_wconf 78' lang='lat' dir='ltr'>Reg.</span> <span class='ocrx_word' id='word_1_181' title='bbox 917 2654 941 2698; x_wconf 89' lang='lat' dir='ltr'><strong>et</strong></span> <span class='ocrx_word' id='word_1_182' title='bbox 958 2653 1022 2700; x_wconf 86' lang='lat' dir='ltr'><strong>abeat</strong></span> <span class='ocrx_word' id='word_1_183' title='bbox 1037 2651 1081 2702; x_wconf 86' lang='lat' dir='ltr'><strong>Gn.</strong></span> 
     </span>
     <span class='ocr_line' id='line_1_25' title="bbox 211 2707 881 2770; baseline -0.007 -10"><span class='ocrx_word' id='word_1_184' title='bbox 211 2709 277 2760; x_wconf 85' lang='lat' dir='ltr'><strong>Mihi</strong></span> <span class='ocrx_word' id='word_1_185' title='bbox 287 2710 375 2758; x_wconf 83' lang='lat' dir='ltr'><strong>latinius</strong></span> <span class='ocrx_word' id='word_1_186' title='bbox 382 2711 409 2756; x_wconf 79' lang='lat' dir='ltr'><strong>in</strong></span> <span class='ocrx_word' id='word_1_187' title='bbox 418 2723 448 2765; x_wconf 87' lang='lat' dir='ltr'><strong>co,</strong></span> <span class='ocrx_word' id='word_1_188' title='bbox 457 2723 522 2770; x_wconf 87' lang='lat' dir='ltr'><strong>quarn</strong></span> <span class='ocrx_word' id='word_1_189' title='bbox 530 2713 556 2755; x_wconf 87' lang='lat' dir='ltr'><strong>ut</strong></span> <span class='ocrx_word' id='word_1_190' title='bbox 564 2723 579 2754; x_wconf 91' lang='lat' dir='ltr'><strong>a</strong></span> <span class='ocrx_word' id='word_1_191' title='bbox 588 2707 679 2754; x_wconf 86' lang='lat' dir='ltr'><strong>librarlo</strong></span> <span class='ocrx_word' id='word_1_192' title='bbox 687 2707 881 2755; x_wconf 72' lang='lat' dir='ltr'><strong>natum‘videahrr.</strong></span> 
     </span>
    </p>
   </div>
   <div class='ocr_carea' id='block_1_7' title="bbox 212 2786 1084 3196">
    <p class='ocr_par' dir='ltr' id='par_1_7' title="bbox 212 2786 1084 3196">
     <span class='ocr_line' id='line_1_26' title="bbox 243 2786 1080 2850; baseline 0.001 -13"><span class='ocrx_word' id='word_1_193' title='bbox 243 2792 265 2824; x_wconf 80' lang='lat'><strong>⁹⁴</strong></span> <span class='ocrx_word' id='word_1_194' title='bbox 279 2793 357 2838; x_wconf 74' lang='lat' dir='ltr'><strong>allatis</strong></span> <span class='ocrx_word' id='word_1_195' title='bbox 366 2796 415 2837; x_wconf 73' lang='lat' dir='ltr'><strong>uam</strong></span> <span class='ocrx_word' id='word_1_196' title='bbox 428 2791 556 2850; x_wconf 78' lang='lat' dir='ltr'><strong>rationem]</strong></span> <span class='ocrx_word' id='word_1_197' title='bbox 567 2787 638 2848; x_wconf 31' lang='lat' dir='ltr'><strong>*Hoc</strong></span> <span class='ocrx_word' id='word_1_198' title='bbox 652 2801 764 2848; x_wconf 81' lang='lat' dir='ltr'><strong>nunqnam</strong></span> <span class='ocrx_word' id='word_1_199' title='bbox 773 2786 899 2846; x_wconf 78' lang='lat' dir='ltr'><strong>intelligere</strong></span> <span class='ocrx_word' id='word_1_200' title='bbox 907 2788 978 2848; x_wconf 74' lang='lat' dir='ltr'><strong>pacat,</strong></span> <span class='ocrx_word' id='word_1_201' title='bbox 995 2804 1036 2836; x_wconf 84' lang='lat' dir='ltr'><strong>uec</strong></span> <span class='ocrx_word' id='word_1_202' title='bbox 1045 2803 1080 2838; x_wconf 71' lang='lat' dir='ltr'><strong>vo</strong></span> 
     </span>
     <span class='ocr_line' id='line_1_27' title="bbox 214 2845 1083 2904; baseline 0 -9"><span class='ocrx_word' id='word_1_203' title='bbox 214 2864 262 2896; x_wconf 89' lang='lat' dir='ltr'><strong>rum</strong></span> <span class='ocrx_word' id='word_1_204' title='bbox 275 2849 365 2895; x_wconf 87' lang='lat' dir='ltr'><strong>credidi.</strong></span> <span class='ocrx_word' id='word_1_205' title='bbox 397 2849 458 2894; x_wconf 85' lang='lat' dir='ltr'><strong>Nam</strong></span> <span class='ocrx_word' id='word_1_206' title='bbox 477 2852 548 2893; x_wconf 83' lang='lat' dir='ltr'><strong>toturn</strong></span> <span class='ocrx_word' id='word_1_207' title='bbox 564 2847 606 2893; x_wconf 92' lang='lat' dir='ltr'><strong>hoc</strong></span> <span class='ocrx_word' id='word_1_208' title='bbox 623 2847 737 2904; x_wconf 74' lang='lat' dir='ltr'><strong>eleganter</strong></span> <span class='ocrx_word' id='word_1_209' title='bbox 751 2845 835 2891; x_wconf 88' lang='lat' dir='ltr'><strong>dictum</strong></span> <span class='ocrx_word' id='word_1_210' title='bbox 849 2851 883 2892; x_wconf 83' lang='lat' dir='ltr'><strong>ast</strong></span> <span class='ocrx_word' id='word_1_211' title='bbox 916 2861 942 2892; x_wconf 88' lang='lat' dir='ltr'><strong>ro</strong></span> <span class='ocrx_word' id='word_1_212' title='bbox 953 2853 973 2893; x_wconf 88' lang='lat' dir='ltr'><strong>at</strong></span> <span class='ocrx_word' id='word_1_213' title='bbox 989 2850 1083 2895; x_wconf 80' lang='lat' dir='ltr'><strong>salutem</strong></span> 
     </span>
     <span class='ocr_line' id='line_1_28' title="bbox 213 2861 1084 2966; baseline 0.001 -13"><span class='ocrx_word' id='word_1_214' title='bbox 213 2911 275 2954; x_wconf 80' lang='lat' dir='ltr'><strong>tuam</strong></span> <span class='ocrx_word' id='word_1_215' title='bbox 287 2908 405 2963; x_wconf 66' lang='lat' dir='ltr'><strong>jndicibus</strong></span> <span class='ocrx_word' id='word_1_216' title='bbox 416 2905 541 2952; x_wconf 68' lang='lat' dir='ltr'><strong>merram.</strong></span> <span class='ocrx_word' id='word_1_217' title='bbox 573 2905 623 2952; x_wconf 91' lang='lat' dir='ltr'><strong>Hoc</strong></span> <span class='ocrx_word' id='word_1_218' title='bbox 633 2913 708 2950; x_wconf 85' lang='lat' dir='ltr'><strong>autam</strong></span> <span class='ocrx_word' id='word_1_219' title='bbox 719 2919 764 2952; x_wconf 89' lang='lat' dir='ltr'><strong>non</strong></span> <span class='ocrx_word' id='word_1_220' title='bbox 774 2904 827 2951; x_wconf 80' lang='lat' dir='ltr'><strong>lecit</strong></span> <span class='ocrx_word' id='word_1_221' title='bbox 839 2861 941 2966; x_wconf 55' lang='lat' dir='ltr'><strong>populus.</strong></span> <span class='ocrx_word' id='word_1_222' title='bbox 973 2905 1084 2954; x_wconf 73' lang='lat' dir='ltr'><strong>Graculus</strong></span> 
     </span>
     <span class='ocr_line' id='line_1_29' title="bbox 213 2963 1082 3024; baseline 0.003 -14"><span class='ocrx_word' id='word_1_223' title='bbox 213 2979 226 3010; x_wconf 86' lang='lat' dir='ltr'><strong>a</strong></span> <span class='ocrx_word' id='word_1_224' title='bbox 244 2965 291 3009; x_wconf 88' lang='lat' dir='ltr'><strong>Ms.</strong></span> <span class='ocrx_word' id='word_1_225' title='bbox 308 2965 364 3022; x_wconf 84' lang='lat' dir='ltr'><strong>Reg.</strong></span> <span class='ocrx_word' id='word_1_226' title='bbox 381 2963 443 3009; x_wconf 75' lang='lat' dir='ltr'><strong>dedit</strong></span> <span class='ocrx_word' id='word_1_227' title='bbox 452 2963 529 3008; x_wconf 75' lang='lat' dir='ltr'><strong>salutis</strong></span> <span class='ocrx_word' id='word_1_228' title='bbox 546 2978 605 3019; x_wconf 78' lang='lat' dir='ltr'><strong>nme,</strong></span> <span class='ocrx_word' id='word_1_229' title='bbox 615 2964 673 3024; x_wconf 88' lang='lat' dir='ltr'><strong>quod</strong></span> <span class='ocrx_word' id='word_1_230' title='bbox 690 2978 738 3010; x_wconf 86' lang='lat' dir='ltr'><strong>cum</strong></span> <span class='ocrx_word' id='word_1_231' title='bbox 749 2967 771 3009; x_wconf 80' lang='lat' dir='ltr'><strong>at</strong></span> <span class='ocrx_word' id='word_1_232' title='bbox 785 2963 807 3010; x_wconf 90' lang='lat' dir='ltr'><strong>in</strong></span> <span class='ocrx_word' id='word_1_233' title='bbox 817 2963 859 3010; x_wconf 86' lang='lat' dir='ltr'><strong>Gu.</strong></span> <span class='ocrx_word' id='word_1_234' title='bbox 872 2963 908 3021; x_wconf 64' lang='lat' dir='ltr'><strong>sit</strong></span> <span class='ocrx_word' id='word_1_235' title='bbox 923 2963 1018 3021; x_wconf 64' lang='lat' dir='ltr'><strong>interea</strong></span> <span class='ocrx_word' id='word_1_236' title='bbox 1027 2967 1082 3014; x_wconf 83' lang='lat' dir='ltr'><strong>dum</strong></span> 
     </span>
     <span class='ocr_line' id='line_1_30' title="bbox 212 3021 1081 3092; baseline 0.005 -26"><span class='ocrx_word' id='word_1_237' title='bbox 212 3021 266 3084; x_wconf 87' lang='lat' dir='ltr'><strong>qnid</strong></span> <span class='ocrx_word' id='word_1_238' title='bbox 275 3021 353 3066; x_wconf 83' lang='lat' dir='ltr'><strong>molius</strong></span> <span class='ocrx_word' id='word_1_239' title='bbox 364 3021 493 3080; x_wconf 79' lang='lat' dir='ltr'><strong>reperiatur,</strong></span> <span class='ocrx_word' id='word_1_240' title='bbox 506 3021 591 3080; x_wconf 85' lang='lat' dir='ltr'><strong>recepi;</strong></span> <span class='ocrx_word' id='word_1_241' title='bbox 609 3021 661 3080; x_wconf 88' lang='lat' dir='ltr'><strong>quia</strong></span> <span class='ocrx_word' id='word_1_242' title='bbox 671 3027 746 3069; x_wconf 85' lang='lat' dir='ltr'><strong>tamen</strong></span> <span class='ocrx_word' id='word_1_243' title='bbox 762 3022 858 3080; x_wconf 78' lang='lat' dir='ltr'><strong>intelligi</strong></span> <span class='ocrx_word' id='word_1_244' title='bbox 866 3027 948 3092; x_wconf 83' lang='lat' dir='ltr'><strong>potest.</strong></span> <span class='ocrx_word' id='word_1_245' title='bbox 980 3023 1081 3070; x_wconf 82' lang='lat' dir='ltr'><strong>Verbum</strong></span> 
     </span>
     <span class='ocr_line' id='line_1_31' title="bbox 212 3077 1083 3141; baseline 0.007 -15"><span class='ocrx_word' id='word_1_246' title='bbox 212 3079 331 3126; x_wconf 78' lang='lat' dir='ltr'><strong>rcscmum&#39;t</strong></span> <span class='ocrx_word' id='word_1_247' title='bbox 340 3094 382 3125; x_wconf 89' lang='lat' dir='ltr'><strong>non</strong></span> <span class='ocrx_word' id='word_1_248' title='bbox 393 3077 493 3124; x_wconf 82' lang='lat' dir='ltr'><strong>convenit</strong></span> <span class='ocrx_word' id='word_1_249' title='bbox 504 3093 569 3123; x_wconf 83' lang='lat' dir='ltr'><strong>curae</strong></span> <span class='ocrx_word' id='word_1_250' title='bbox 579 3079 668 3137; x_wconf 81' lang='lat' dir='ltr'><strong>salutis;</strong></span> <span class='ocrx_word' id='word_1_251' title='bbox 683 3082 721 3126; x_wconf 85' lang='lat' dir='ltr'><strong>scd</strong></span> <span class='ocrx_word' id='word_1_252' title='bbox 729 3096 822 3141; x_wconf 83' lang='lat' dir='ltr'><strong>poenae,</strong></span> <span class='ocrx_word' id='word_1_253' title='bbox 838 3081 925 3138; x_wconf 80' lang='lat' dir='ltr'><strong>ultioni,</strong></span> <span class='ocrx_word' id='word_1_254' title='bbox 942 3087 985 3128; x_wconf 83' lang='lat' dir='ltr'><strong>etc.</strong></span> <span class='ocrx_word' id='word_1_255' title='bbox 1018 3083 1083 3132; x_wconf 79' lang='lat' dir='ltr'><strong>Alibi</strong></span> 
     </span>
     <span class='ocr_line' id='line_1_32' title="bbox 212 3137 581 3196; baseline -0.016 -8"><span class='ocrx_word' id='word_1_256' title='bbox 212 3141 255 3188; x_wconf 86' lang='lat' dir='ltr'><strong>hoc</strong></span> <span class='ocrx_word' id='word_1_257' title='bbox 262 3139 343 3185; x_wconf 82' lang='lat' dir='ltr'><strong>dicitur</strong></span> <span class='ocrx_word' id='word_1_258' title='bbox 349 3137 459 3196; x_wconf 82' lang='lat' dir='ltr'><strong>permisit,</strong></span> <span class='ocrx_word' id='word_1_259' title='bbox 469 3137 581 3183; x_wconf 81' lang='lat' dir='ltr'><strong>commisit.</strong></span> 
     </span>
    </p>
   </div>
   <div class='ocr_carea' id='block_1_8' title="bbox 212 3215 1084 3514">
    <p class='ocr_par' dir='ltr' id='par_1_8' title="bbox 212 3215 1084 3514">
     <span class='ocr_line' id='line_1_33' title="bbox 242 3215 1084 3280; baseline -0.005 -13"><span class='ocrx_word' id='word_1_260' title='bbox 242 3219 263 3252; x_wconf 60' lang='grc' dir='ltr'><strong>θ’</strong></span> <span class='ocrx_word' id='word_1_261' title='bbox 279 3235 329 3267; x_wconf 85' lang='lat' dir='ltr'><strong>cum</strong></span> <span class='ocrx_word' id='word_1_262' title='bbox 338 3217 424 3266; x_wconf 73' lang='lat' dir='ltr'><strong>massin</strong></span> <span class='ocrx_word' id='word_1_263' title='bbox 439 3216 548 3278; x_wconf 76' lang='lat' dir='ltr'><strong>imparia]</strong></span> <span class='ocrx_word' id='word_1_264' title='bbox 580 3215 617 3262; x_wconf 86' lang='lat' dir='ltr'><strong>Sic</strong></span> <span class='ocrx_word' id='word_1_265' title='bbox 626 3217 677 3263; x_wconf 83' lang='lat' dir='ltr'><strong>edd.</strong></span> <span class='ocrx_word' id='word_1_266' title='bbox 693 3231 727 3278; x_wconf 89' lang='lat' dir='ltr'><strong>pr.</strong></span> <span class='ocrx_word' id='word_1_267' title='bbox 746 3217 812 3280; x_wconf 80' lang='lat' dir='ltr'><strong>idque</strong></span> <span class='ocrx_word' id='word_1_268' title='bbox 827 3233 910 3266; x_wconf 75' lang='lat' dir='ltr'><strong>verram.</strong></span> <span class='ocrx_word' id='word_1_269' title='bbox 941 3217 973 3264; x_wconf 82' lang='lat' dir='ltr'><strong>In</strong></span> <span class='ocrx_word' id='word_1_270' title='bbox 988 3219 1084 3275; x_wconf 68' lang='lat' dir='ltr'><strong>isuper-ic</strong></span> 
     </span>
     <span class='ocr_line' id='line_1_34' title="bbox 212 3276 1080 3340; baseline -0.001 -16"><span class='ocrx_word' id='word_1_271' title='bbox 212 3279 234 3324; x_wconf 90' lang='lat' dir='ltr'><strong>h.</strong></span> <span class='ocrx_word' id='word_1_272' title='bbox 253 3279 268 3324; x_wconf 94' lang='lat' dir='ltr'><strong>l.</strong></span> <span class='ocrx_word' id='word_1_273' title='bbox 285 3280 356 3340; x_wconf 88' lang='lat' dir='ltr'><strong>aptius</strong></span> <span class='ocrx_word' id='word_1_274' title='bbox 366 3283 406 3335; x_wconf 82' lang='lat' dir='ltr'><strong>est,</strong></span> <span class='ocrx_word' id='word_1_275' title='bbox 417 3292 482 3339; x_wconf 85' lang='lat' dir='ltr'><strong>quam</strong></span> <span class='ocrx_word' id='word_1_276' title='bbox 493 3291 543 3324; x_wconf 80' lang='lat' dir='ltr'><strong>cum</strong></span> <span class='ocrx_word' id='word_1_277' title='bbox 557 3276 663 3333; x_wconf 73' lang='lat' dir='ltr'><strong>imperio:</strong></span> <span class='ocrx_word' id='word_1_278' title='bbox 681 3292 733 3324; x_wconf 87' lang='lat' dir='ltr'><strong>uam</strong></span> <span class='ocrx_word' id='word_1_279' title='bbox 750 3277 806 3324; x_wconf 92' lang='lat' dir='ltr'><strong>illud</strong></span> <span class='ocrx_word' id='word_1_280' title='bbox 816 3277 910 3324; x_wconf 81' lang='lat' dir='ltr'><strong>refertur</strong></span> <span class='ocrx_word' id='word_1_281' title='bbox 919 3277 949 3324; x_wconf 83' lang='lat' dir='ltr'><strong>ad</strong></span> <span class='ocrx_word' id='word_1_282' title='bbox 963 3277 1080 3334; x_wconf 71' lang='lat' dir='ltr'><strong>honorem,</strong></span> 
     </span>
     <span class='ocr_line' id='line_1_35' title="bbox 212 3335 1082 3397; baseline 0 -15"><span class='ocrx_word' id='word_1_283' title='bbox 212 3337 255 3382; x_wconf 87' lang='lat' dir='ltr'><strong>hoa</strong></span> <span class='ocrx_word' id='word_1_284' title='bbox 272 3339 300 3382; x_wconf 85' lang='lat' dir='ltr'><strong>ad</strong></span> <span class='ocrx_word' id='word_1_285' title='bbox 311 3343 451 3397; x_wconf 85' lang='lat' dir='ltr'><strong>potestatem.</strong></span> <span class='ocrx_word' id='word_1_286' title='bbox 485 3336 543 3382; x_wconf 85' lang='lat' dir='ltr'><strong>lllud</strong></span> <span class='ocrx_word' id='word_1_287' title='bbox 565 3351 587 3382; x_wconf 85' lang='lat' dir='ltr'><strong>se</strong></span> <span class='ocrx_word' id='word_1_288' title='bbox 603 3335 726 3382; x_wconf 85' lang='lat' dir='ltr'><strong>uentibusa</strong></span> <span class='ocrx_word' id='word_1_289' title='bbox 744 3341 798 3392; x_wconf 83' lang='lat' dir='ltr'><strong>tum,</strong></span> <span class='ocrx_word' id='word_1_290' title='bbox 813 3351 857 3384; x_wconf 87' lang='lat' dir='ltr'><strong>uon</strong></span> <span class='ocrx_word' id='word_1_291' title='bbox 869 3336 917 3382; x_wconf 88' lang='lat' dir='ltr'><strong>hoc.</strong></span> <span class='ocrx_word' id='word_1_292' title='bbox 933 3351 955 3381; x_wconf 90' lang='lat' dir='ltr'><strong>v.</strong></span> <span class='ocrx_word' id='word_1_293' title='bbox 973 3335 1036 3382; x_wconf 73' lang='lat' dir='ltr'><strong>Clau.</strong></span> <span class='ocrx_word' id='word_1_294' title='bbox 1057 3336 1082 3382; x_wconf 88' lang='lat' dir='ltr'><strong>in</strong></span> 
     </span>
     <span class='ocr_line' id='line_1_36' title="bbox 212 3351 1079 3464; baseline 0 -24"><span class='ocrx_word' id='word_1_295' title='bbox 212 3393 336 3463; x_wconf 57' lang='lat' dir='ltr'><strong>imperinm</strong></span> <span class='ocrx_word' id='word_1_296' title='bbox 345 3393 374 3464; x_wconf 70' lang='lat' dir='ltr'><strong>(le</strong></span> <span class='ocrx_word' id='word_1_297' title='bbox 383 3398 418 3444; x_wconf 86' lang='lat' dir='ltr'><strong>his</strong></span> <span class='ocrx_word' id='word_1_298' title='bbox 433 3395 536 3464; x_wconf 75' lang='lat' dir='ltr'><strong>formulis.</strong></span> <span class='ocrx_word' id='word_1_299' title='bbox 569 3352 642 3442; x_wconf 66' lang='lat' dir='ltr'><strong>Aliter</strong></span> <span class='ocrx_word' id='word_1_300' title='bbox 652 3351 766 3464; x_wconf 31' lang='lat' dir='ltr'><strong>asininae,</strong></span> <span class='ocrx_word' id='word_1_301' title='bbox 777 3410 839 3442; x_wconf 80' lang='lat' dir='ltr'><strong>omne</strong></span> <span class='ocrx_word' id='word_1_302' title='bbox 857 3399 940 3452; x_wconf 78' lang='lat' dir='ltr'><strong>tempus</strong></span> <span class='ocrx_word' id='word_1_303' title='bbox 952 3395 1010 3454; x_wconf 77' lang='lat' dir='ltr'><strong>prud</strong></span> <span class='ocrx_word' id='word_1_304' title='bbox 1026 3408 1079 3446; x_wconf 79' lang='lat' dir='ltr'><strong>anm</strong></span> 
     </span>
     <span class='ocr_line' id='line_1_37' title="bbox 212 3451 1082 3514; baseline 0.003 -17"><span class='ocrx_word' id='word_1_305' title='bbox 212 3467 302 3508; x_wconf 72' lang='lat' dir='ltr'><strong>emperia</strong></span> <span class='ocrx_word' id='word_1_306' title='bbox 312 3453 398 3507; x_wconf 73' lang='lat' dir='ltr'><strong>sumti.-</strong></span> <span class='ocrx_word' id='word_1_307' title='bbox 418 3470 469 3501; x_wconf 87' lang='lat' dir='ltr'><strong>nam</strong></span> <span class='ocrx_word' id='word_1_308' title='bbox 483 3455 513 3499; x_wconf 82' lang='lat' dir='ltr'><strong>rbi</strong></span> <span class='ocrx_word' id='word_1_309' title='bbox 529 3454 623 3501; x_wconf 80' lang='lat' dir='ltr'><strong>refertur</strong></span> <span class='ocrx_word' id='word_1_310' title='bbox 635 3453 664 3500; x_wconf 90' lang='lat' dir='ltr'><strong>ad</strong></span> <span class='ocrx_word' id='word_1_311' title='bbox 685 3469 721 3510; x_wconf 81' lang='lat' dir='ltr'><strong>Jus</strong></span> <span class='ocrx_word' id='word_1_312' title='bbox 736 3453 790 3500; x_wconf 83' lang='lat' dir='ltr'><strong>belli</strong></span> <span class='ocrx_word' id='word_1_313' title='bbox 804 3454 900 3514; x_wconf 78' lang='lat' dir='ltr'><strong>gerendi.</strong></span> <span class='ocrx_word' id='word_1_314' title='bbox 933 3453 958 3500; x_wconf 89' lang='lat' dir='ltr'><strong>ln</strong></span> <span class='ocrx_word' id='word_1_315' title='bbox 975 3451 1017 3500; x_wconf 87' lang='lat' dir='ltr'><strong>illo</strong></span> <span class='ocrx_word' id='word_1_316' title='bbox 1029 3453 1082 3500; x_wconf 74' lang='lat' dir='ltr'><strong>lnce</strong></span> 
     </span>
    </p>
   </div>
   <div class='ocr_carea' id='block_1_9' title="bbox 213 3509 979 3574">
    <p class='ocr_par' dir='ltr' id='par_1_9' title="bbox 213 3509 979 3574">
     <span class='ocr_line' id='line_1_38' title="bbox 213 3509 979 3574; baseline 0.003 -17"><span class='ocrx_word' id='word_1_317' title='bbox 213 3509 321 3557; x_wconf 83' lang='lat' dir='ltr'><strong>Graevius</strong></span> <span class='ocrx_word' id='word_1_318' title='bbox 329 3525 373 3558; x_wconf 88' lang='lat' dir='ltr'><strong>nou</strong></span> <span class='ocrx_word' id='word_1_319' title='bbox 382 3513 439 3561; x_wconf 79' lang='lat' dir='ltr'><strong>hene</strong></span> <span class='ocrx_word' id='word_1_320' title='bbox 447 3513 531 3572; x_wconf 82' lang='lat' dir='ltr'><strong>recepit</strong></span> <span class='ocrx_word' id='word_1_321' title='bbox 539 3513 609 3572; x_wconf 75' lang='lat' dir='ltr'><strong>mmcd</strong></span> <span class='ocrx_word' id='word_1_322' title='bbox 618 3513 738 3574; x_wconf 79' lang='lat' dir='ltr'><strong>proqucrl:</strong></span> <span class='ocrx_word' id='word_1_323' title='bbox 757 3520 791 3562; x_wconf 81' lang='lat' dir='ltr'><strong>ast</strong></span> <span class='ocrx_word' id='word_1_324' title='bbox 801 3511 979 3572; x_wconf 69' lang='lat' dir='ltr'><strong>hocalepaatiur.</strong></span> 
     </span>
    </p>
   </div>
   <div class='ocr_carea' id='block_1_10' title="bbox 0 0 1218 4212">
    <p class='ocr_par' dir='ltr' id='par_1_10' title="bbox 0 0 1218 4212">
     <span class='ocr_line' id='line_1_39' title="bbox 0 0 1218 4212; baseline 0 3"><span class='ocrx_word' id='word_1_325' title='bbox 0 0 1218 4212; x_wconf 95' lang='lat' dir='ltr'><strong> </strong></span> 
     </span>
    </p>
   </div>
  </div>
 </body>
</html>
