2418 4208
235 295 298 354 era
569 276 760 332 'illm

234 439 364 510 umpore
374 429 446 506 ipoo,
456 427 703 504 superioribusque
712 423 1106 493 uranusomntbuatclttare

234 550 301 592 cum
321 527 497 589 mulierculis
519 533 681 602 perpotasse
699 525 783 582 dico:
806 524 911 588 harum
929 540 1025 580 rerum
1045 541 1104 582 om·

235 631 314 690 nium
328 637 460 688 auctores
474 633 617 702 testesque
631 625 765 700 produco.
807 623 887 680 Num
902 621 955 678 tibi
964 621 1102 684 insultare

233 729 266 788 in
287 728 463 795 calamitate,
485 744 553 785 num
567 725 757 784 intercludere
778 720 941 796 perfugium
961 721 1101 790 fortunae,

233 845 304 886 num
327 844 411 885 casus
425 826 547 884 bellicos
569 825 740 896 exprobrare
761 825 812 878 aut
825 819 952 894 objicere
975 816 1102 878 videor?

236 925 351 984 tametsi
372 927 466 982 solent
483 923 514 980 lri
535 922 677 978 fortunam
698 919 754 978 sibi
777 919 868 994 objici
889 920 975 986 nolle,
994 918 1045 993 qui
1068 937 1101 980 ac

235 1025 365 1082 fortunae
389 1021 602 1088 commiserunt,
625 1019 674 1095 qui
696 1018 727 1078 iu
749 1019 809 1093 ejus
830 1017 968 1092 periculis
987 1021 1102 1078 suui'ac

234 1120 374 1178 s'arietate
396 1119 513 1176 versati.
534 1118 618 1176 istius
638 1117 754 1193 quidem
773 1115 949 1174 calamitatis
962 1119 1029 1172 tuae
1048 1116 1100 1174 lor·

234 1221 303 1276 tuna
317 1217 461 1292 particeps
472 1235 532 1274 uon
545 1217 608 1273 luit.
623 1215 754 1272 homines
765 1214 844 1271 enim
857 1213 888 1270 ia
902 1214 1029 1287 praeliis,
1042 1231 1099 1274 uon

234 1315 265 1375 in
280 1317 436 1384 conviviis,
450 1315 521 1372 belli
535 1314 676 1372 fortunam
690 1318 812 1380 tentare,
826 1311 984 1386 periclitari
998 1314 1099 1372 solent.

235 1415 267 1474 in
286 1417 338 1474 illa
352 1421 448 1474 autem
469 1413 636 1472 calamitate
649 1428 709 1469 non
729 1411 854 1469 Martem
874 1410 964 1470 tuisse
977 1427 1100 1470 commu-

235 1531 312 1582 nem,
331 1515 382 1569 sed
405 1513 555 1570 Venerem
574 1527 723 1584 possumus
736 1509 843 1568 dicere.
885 1509 999 1582 Quodsi
1018 1509 1100 1568 tortu-

236 1627 304 1669 nam
325 1607 414 1682 objici
426 1607 481 1666 tibi
494 1625 554 1666 uon
574 1612 697 1682 oportet,
717 1624 769 1667 cur
783 1613 814 1666 tu
836 1607 968 1669 fortunae
988 1608 1099 1666 illomm

235 1705 435 1766 innocentium
458 1707 577 1766 veniam
596 1724 631 1766 ae
656 1709 753 1766 locum
777 1703 977 1766 condedisti?
1004 1707 1100 1768 uuam

235 1808 307 1866 illud
327 1807 476 1882 praecidas
494 1806 574 1876 licet,
593 1807 669 1884 quod
686 1806 858 1882 supplicium
870 1823 949 1864 more
963 1807 1101 1880 majorum

234 1906 378 1975 curareris,
398 1907 547 1982 securique
568 1905 752 1982 percusseris,
775 1905 917 1964 idcircoa
934 1923 983 1963 me
1002 1905 1035 1964 iu
1050 1905 1102 1962 cri-
1196 1891 1197 1932 i

234 2021 303 2062 men
322 2009 352 2061 et
364 2002 506 2063 invidiam
529 2005 640 2062 vocari.
680 2005 751 2080 Non
770 2005 802 2066 in
826 2002 973 2079 supplicio
988 2003 1101 2062 crimen

234 2119 330 2158 meum
345 2101 479 2159 vertitur:
500 2119 559 2158 non
573 2120 628 2174 ego
641 2104 736 2161 securi
746 2119 823 2178 nego
836 2119 1008 2178 quemquam
1025 2101 1104 2162 leriri

233 2199 356 2256 debere:
377 2217 435 2256 non
449 2215 505 2273 ego
519 2203 627 2257 metum
645 2218 684 2258 ex
696 2219 728 2258 re
742 2201 870 2270 militari,
890 2218 948 2260 non
960 2201 1103 2260 severita·
1195 2245 1196 2252 κ

234 2301 295 2356 tem
315 2296 438 2372 imperil,
460 2313 519 2356 non
534 2315 656 2372 poenam
669 2298 781 2374 flagitii,
802 2299 866 2382 tolli
879 2299 946 2358 dico
959 2303 1101 2374 oportere.

235 2398 345 2458 Fateor
362 2414 420 2455 non
434 2398 519 2455 modo
537 2396 569 2453 in
588 2396 692 2465 socios,
712 2399 764 2456 sed
784 2399 873 2456 etiam
885 2399 918 2456 in
932 2398 1016 2457 cives
1030 2397 1103 2456 mili·

234 2499 334 2569 tesque
354 2500 474 2562 nostros,
495 2512 632 2568 persaepe
654 2514 717 2554 esse
730 2514 834 2553 severe
857 2513 892 2554 ac
914 2498 1105 2556 vehementer

234 2591 424 2650 vindicatum.
467 2593 563 2668 Quare
577 2595 650 2652 haec
664 2613 775 2670 quoque
796 2595 1008 2669 praetermittas
1021 2595 1101 2653 licet

182 2697 220 2756 51
234 2691 298 2766 Ego
311 2694 427 2767 culpam
439 2710 498 2751 non
512 2692 543 2750 in
558 2693 722 2762 nauarchis,
737 2695 787 2752 sed
801 2693 833 2752 iu
843 2695 873 2751 te
886 2693 975 2752 luisse
986 2695 1103 2754 demon·

235 2798 313 2849 stro:
338 2798 367 2850 te
395 2791 516 2865 ⁵²pretio
535 2791 641 2850 milites
656 2795 835 2870 remigesque
848 2793 993 2852 dimisisse
1006 2809 1104 2869 arguo.
1193 2867 1194 2880 χ

234 2890 300 2946 Hoc
321 2890 461 2946 nauarchi
480 2888 582 2964 reliqui
601 2891 721 2948 dicunt:
743 2894 798 2951 lroc
813 2893 989 2951 Netinorum
1009 2892 1104 2950 loede-
1193 2913 1194 2946 r

233 2991 296 3042 rata
322 2987 428 3042 civitas
460 2988 575 3060 publice
606 2989 696 3047 dicit:
733 2991 790 3049 hoc
817 2991 1020 3061 Herbitenses,
1045 2992 1103 3050 hoc

232 3152 262 3186 an
275 3137 336 3186 aliud
349 3137 442 3184 rerburn
454 3137 477 3186 in
486 3151 514 3185 eo
523 3138 602 3196 lateat,
619 3139 670 3188 libri
680 3144 783 3192 meliores
799 3147 892 3192 lomere
906 3145 1030 3206 aliquando
1040 3145 1105 3192 dote·

232 3197 295 3246 bunt.
327 3197 428 3244 venitin
441 3202 536 3244 mentem
552 3197 617 3245 luisse
626 3199 652 3248 P.
663 3201 693 3248 R.
705 3219 756 3252 nam
771 3204 888 3252 efficaciter
902 3217 955 3252 sane
964 3209 1106 3268 repeteretur

230 3257 382 3317 popntr'llorn.
393 3257 451 3320 quod
461 3258 491 3304 ad
501 3257 570 3304 socios
578 3259 724 3308 referendum.
864 3269 868 3274 '

262 3330 285 3368 ³⁸
296 3337 367 3392 pretio
375 3336 462 3395 resiliter,
473 3337 531 3443 etcd
558 3335 679 3386 Lambinus
693 3340 773 3388 eMsa.
785 3340 850 3389 addit
859 3347 886 3401 tc,
902 3343 962 3448 quod
974 3347 1062 3393 arculus
1071 3347 1107 3391 cst

233 3391 348 3440 Graevius.
381 3395 456 3441 Habet
472 3399 496 3442 et

233 3449 292 3510 quod
301 3449 323 3495 in
335 3451 411 3498 Sicilia
420 3455 476 3501 nulli
489 3454 622 3502 [eamca-
634 3457 755 3530 aberatque
764 3460 806 3506 hoc
819 3473 899 3508 acmen
914 3475 929 3506 a
943 3460 993 3508 Ma
1010 3463 1069 3523 Reg.
1081 3467 1107 3508 ut

232 3508 471 3616 angpelilnduzrbltror
485 3517 567 3575 tamen,
582 3514 605 3560 iu
622 3530 651 3563 eo
667 3531 755 3565 uouuue
769 3519 830 3567 aliud
844 3519 924 3568 latere.
955 3520 1108 3586 ltaquerneir
1191 3537 1192 3578 l

532 3411 553 3443 u.
570 3395 632 3444 bene.
666 3398 726 3446 Mon
744 3399 862 3448 humer
882 3401 968 3449 deerit
987 3401 1105 3458 Graeriru,
