2438 4206
232 331 296 392 m
566 324 601 378 ttl
615 324 758 378 venum
864 349 866 360 ⁴

230 491 286 550 ogo
298 475 364 542 hoe,
374 476 451 550 quod
459 474 526 534 terri
535 493 611 552 nego
622 493 713 550 posse,
724 473 820 542 Verri,
828 474 952 548 jurb'ees,
960 475 1086 534 wuoede

230 577 261 630 el
274 573 387 647 largior.
429 574 463 632 Si
474 569 533 633 ullo
546 575 577 632 in
587 553 724 646 loeoej‘irs
738 573 907 646 provinciae
921 573 1088 632 frumentum

230 670 304 728 tenti
317 671 380 740 fuit,
393 673 493 746 qrrenti
506 674 561 730 iste
569 671 744 737 aestimavit,
757 672 815 728 hoe
826 671 937 728 erimen
956 670 988 726 in
1003 671 1087 732 istun

229 785 310 827 reum
323 773 424 828 velere
435 776 566 844 oportere
579 788 638 828 non
652 770 780 828 arbitror.
815 769 926 826 Verum
939 769 1087 829 enimvero

229 883 297 926 cunr
314 874 392 926 esset
415 869 478 926 H·S
501 869 591 935 binis,
611 873 659 926 sut
681 868 769 926 etiem
783 867 882 934 ternis,
894 867 1046 940 quibusvis
1059 867 1088 924 in
1201 899 1202 920 r

228 967 302 1026 loeis
333 967 512 1039 provinciae,
533 968 679 1024 duodenos
700 966 847 1024 sestertios
871 965 1006 1038 exegisti.
1057 965 1089 1024 sl
1201 957 1202 986 ³

171 1106 198 1131 ς
229 1064 301 1122 mibi
314 1071 410 1122 tenum
425 1083 517 1139 neque
531 1067 568 1122 de
581 1083 706 1132 annona,
720 1081 813 1138 neque
833 1065 870 1120 tls
890 1063 1089 1124 aestimatione

228 1167 278 1220 tue
302 1167 474 1236 potestesse
497 1165 705 1230 controversis,
728 1162 796 1237 quid
818 1159 925 1220 sedes?
945 1161 1014 1234 quid
1040 1179 1088 1218 ex·

228 1260 364 1335 emetur?
383 1263 452 1337 quid
473 1259 632 1320 defendes?
662 1263 767 1320 Utrum
793 1261 847 1320 tibi
865 1259 1091 1334 pwuniaeeon·

229 1361 347 1420 eilietse
359 1363 495 1421 videntur
506 1363 660 1420 adversum
673 1364 761 1435 leges,
775 1361 928 1418 adversum
941 1357 1090 1431 rempubli-

229 1477 303 1528 onm,
317 1477 383 1518 oum
394 1462 522 1518 maxime
535 1461 677 1518 sociorum
690 1458 811 1532 injurie:
828 1477 865 1516 nn
877 1475 949 1514 vero
960 1459 991 1514 id
1004 1462 1092 1526 reete,

228 1558 338 1625 ordine,
347 1577 369 1640 >e
383 1558 538 1631 republica,
549 1559 612 1614 sine
623 1559 789 1633 cujusquam
799 1557 905 1631 injuris
914 1557 1021 1615 suetum
1030 1571 1092 1616 osse

228 1645 365 1728 desendet
375 1654 387 1714 l
399 1657 473 1715 Cum
483 1657 537 1714 tibi
544 1667 661 1714 senatus
671 1675 711 1716 ex
719 1657 830 1716 nerano
839 1655 994 1730 pecuniam
1003 1673 1093 1728 prom·

228 1754 322 1824 sisset,
335 1760 366 1812 et
378 1757 506 1830 singulos
519 1755 571 1814 tibi
585 1757 722 1814 denarios
731 1757 957 1822 adnumerasset,
971 1771 1042 1829 quos
1054 1759 1092 1812 tu

228 1871 281 1928 pro
294 1855 415 1930 siugulis
437 1855 540 1912 modiis
564 1855 721 1913 arsuribus
740 1857 883 1912 solveresr
904 1853 973 1929 quid
995 1853 1090 1912 seuere

229 1951 374 2010 debuisti?
395 1953 438 2021 Si,
448 1955 523 2026 quod
538 1955 573 2010 L.
585 1954 655 2010 Piso
676 1954 727 2010 ille
752 1953 850 2027 Frugi,
870 1952 921 2028 qui
941 1955 1036 2028 legem
1055 1953 1091 2012 de

229 2050 360 2123 pecuniis
370 2050 536 2123 repetundis
550 2052 656 2124 primus
669 2052 750 2122 tulit3
771 2069 838 2110 enm
851 2051 981 2119 emisses,
992 2046 1093 2126 quenti

229 2151 314 2216 esset,
329 2149 404 2222 quod
416 2154 563 2220 superaret
582 2149 734 2222 peeunine,
748 2149 913 2208 retulisses:
931 2149 970 2216 si,
982 2153 1015 2206 ut
1035 2165 1092 2208 um-

228 2245 327 2304 uitiosi
337 2247 478 2315 homiues,
489 2252 539 2304 aut
552 2247 672 2322 benigni
683 2267 690 2304 τ
704 2263 771 2306 euru
781 2249 874 2320 pluris
882 2253 999 2305 senatus
1009 2246 1094 2304 nesti·

110 2377 121 2393 =
228 2353 343 2415 mnsset,
361 2364 446 2420 quem
456 2345 557 2420 quanti
567 2351 777 2415 esserationis,
787 2365 825 2404 ex
839 2351 954 2404 senatus
963 2345 1093 2404 aestima·

228 2445 318 2512 tione,
342 2461 400 2502 non
425 2463 463 2502 ex
490 2461 625 2502 annonae
655 2444 776 2514 ratione,
802 2445 951 2502 solvissesr
978 2445 1035 2512 sin,
1063 2449 1101 2502 nt

226 2542 355 2624 plerique
378 2543 498 2611 laniunt,
521 2543 552 2601 in
574 2561 630 2617 quo
653 2543 742 2600 etiem
759 2549 822 2601 erat
835 2543 938 2617 uliquis
950 2548 1095 2618 quaestus,

227 2642 278 2700 ssd
289 2641 314 2699 is
337 2644 484 2712 honestus,
498 2645 584 2718 etque
603 2659 778 2711 eoncessum
798 2641 981 2709 trumentum,
994 2641 1096 2716 quoni·

206 2749 275 2798 ‘sm
299 2740 386 2798 vilius
410 2748 481 2810 eret,
505 2759 544 2800 ne
567 2729 702 2798 emisses:
723 2739 871 2799 sumsisses
890 2740 1096 2807 innumerum,

177 2840 304 2915 gpquod
317 2838 370 2895 libi
391 2844 516 2906 senatus,
530 2841 624 2896 eellee
646 2839 773 2907 nornine,
793 2843 986 2896 eoneesserut.
1029 2839 1104 2896 Hon-

229 2952 301 3008 vero
323 2935 480 3009 quidest?
510 2953 596 3009 quam
619 2937 707 2994 hebet
730 2935 881 3005 rationem,
904 2955 964 2995 non
987 2953 1098 3011 quaero

229 3032 391 3108 aequitatis,
405 3035 456 3090 sed
469 3032 557 3106 ipsius
572 3033 762 3106 improbitatis
776 3040 862 3110 stilus
874 3033 1099 3108 impudentiae?

229 3129 426 3208 nequeenim
439 3136 484 3192 est
502 3131 561 3188 lere
581 3129 743 3207 quidquem,
757 3135 832 3209 quod
852 3133 984 3194 homines
998 3136 1101 3208 pelam

169 3247 171 3250 ·
228 3232 324 3294 lesere
337 3232 463 3290 sudeam
475 3231 507 3290 in
520 3231 695 3308 magbuatu,
717 3232 848 3306 quumvis
870 3232 1004 3306 improbi,
1022 3232 1101 3307 quin

228 3330 291 3404 ejus
304 3331 383 3401 teeti,
396 3331 493 3390 sinon
506 3332 621 3399 bonnm,
635 3337 665 3390 et
683 3316 808 3405 aliquem
829 3331 972 3390 rationem
992 3331 1103 3390 offerre

229 3428 352 3487 soleant.
394 3430 460 3486 Hos
473 3430 541 3505 quid
559 3426 627 3488 est?
647 3429 740 3486 Venit
760 3435 889 3504 praetor:
910 3430 1104 3498 frumentum,

228 3523 332 3604 inquit.
344 3540 392 3585 me
404 3527 456 3586 ebs
477 3531 507 3586 te
520 3545 616 3588 emere
629 3531 751 3602 oportet.
792 3528 919 3605 Optime.
961 3527 1106 3592 Meuium
