2486 4212
250 337 312 400 122
593 331 787 384 ruvsnnsu

245 485 347 540 maret.
360 479 505 542 remissior
516 481 664 558 aliquanto
680 482 742 555 ejus
764 478 819 538 fult
839 474 1105 552 aestimationem

247 595 389 639 annonae.
410 597 478 640 nam
500 579 667 640 estimavit
686 577 816 638 denariis
837 594 884 634 ιιι.
926 574 1031 644 Vides,
1044 591 1106 634 een-

247 677 316 736 dem
322 677 560 748 aesbmetionem,
568 683 683 753 propter
692 675 829 750 temporis
835 673 1105 740 dissimilitudinem,

247 773 280 834 in
293 775 346 834 illo
358 777 451 837 landis
463 791 580 836 causam
593 777 717 846 babere3
737 775 770 834 ln
787 779 825 842 te,
838 771 985 832 oriminis:
1005 771 1038 830 in
1048 772 1107 838 illo,

245 873 399 946 beneficiis
418 875 450 934 in
470 881 510 944 te,
522 871 666 948 lnjnrieel
695 874 809 932 Eodem
821 877 951 945 tempore
965 869 1108 930 utonis·

247 989 286 1030 sn
305 972 432 1032 denariis
448 973 624 1041 aestimavit,
637 975 702 1045 post
720 987 854 1039 messem,
874 985 989 1026 summa
1002 965 1035 1026 in
1048 966 1110 1026 vili·

248 1073 398 1137 tetecum
410 1075 535 1129 meteres
559 1070 732 1129 frumentum
755 1070 824 1127 dore
844 1067 1109 1143 grntismalebant.

246 1167 290 1228 Et
310 1167 416 1242 ajebat,
439 1186 472 1226 se
494 1169 637 1226 tantidem
660 1167 838 1236 aestimasse,
855 1165 956 1242 quanti
974 1167 1111 1230 Sacerdo

248 1269 323 1324 tem:
346 1283 440 1341 neque
464 1267 671 1326 mentiebatur:
702 1268 754 1324 scd
776 1268 879 1324 eadem
901 1265 959 1324 isto
982 1265 1112 1324 amilma-

249 1363 340 1432 tinnn,
352 1366 426 1426 alter
437 1365 602 1424 sublevarat
614 1368 749 1434 meteres,
763 1367 837 1424 alter
849 1367 1003 1422 everterat.
1029 1363 1113 1436 Quod

249 1461 308 1520 nisi
320 1461 415 1520 omnis
427 1462 562 1520 frumenti
573 1461 647 1520 ratio
660 1481 699 1521 ex
712 1463 886 1537 temporibus
898 1466 974 1520 esset
985 1466 1016 1518 et
1026 1477 1115 1520 anuo·

249 1575 298 1627 na,
310 1576 370 1616 non
389 1577 428 1616 ex
446 1577 574 1628 numero,
587 1578 681 1634 neque
700 1577 739 1618 ex
756 1576 876 1646 summa,
889 1559 1114 1618 consideranda:

250 1669 406 1734 numquam
420 1661 480 1716 tam
492 1656 567 1732 grati
580 1657 612 1714 hi
625 1658 821 1733 sesquimodii,
836 1659 873 1732 Q.
890 1657 1038 1726 Hortensi,
1050 1657 1117 1716 tuis·
1135 1671 1139 1678 ’

249 1761 328 1814 sent:
342 1773 412 1832 quos
423 1762 453 1814 tu
465 1757 577 1815 eumad
588 1773 738 1816 mensurae
751 1761 812 1816 te'm
824 1757 961 1832 exiguam
974 1756 1117 1816 rationem

249 1852 377 1930 'populo
389 1855 522 1915 Romano
534 1855 566 1914 in
579 1855 677 1928 capita
696 1856 906 1930 descripsisses,
922 1855 1117 1930 gratissimum

199 1934 204 1946 ⁹
250 1955 383 2012 omnibus
404 1954 509 2012 issisti.
536 1954 641 2012 caritas
664 1953 743 2012 enim
766 1971 900 2029 annonae
924 1953 1060 2021 iaciebat,
1083 1957 1116 2012 ut

252 2051 337 2119 istuc,
357 2053 432 2125 quod
456 2067 488 2108 re
508 2069 630 2124 parvum
652 2051 813 2122 videbatur,
835 2057 962 2126 tempore
982 2067 1121 2126 magnum

253 2147 408 2208 videretur.
448 2149 532 2206 Idem
544 2149 619 2208 istuc
640 2149 666 2206 si
685 2149 717 2206 in
732 2150 847 2208 vilitate
866 2151 971 2224 populo
986 2150 1121 2208 Romeno

190 2315 198 2330 .
254 2246 353 2322 largiri
362 2247 518 2319 voluissem
531 2247 658 2306 derisum
668 2252 747 2306 tuum
757 2249 931 2307 beneficium
948 2254 1025 2306 esset
1035 2251 1124 2322 etque

205 2341 248 2403 93
263 2349 470 2424 contemptum.
510 2346 580 2406 Noli
603 2346 689 2422 igitur
701 2346 811 2416 dicere,
820 2347 906 2416 istum
919 2347 997 2406 idem
1009 2347 1125 2415 iecisse,

194 2455 222 2485 ’-
258 2445 333 2520 quod
358 2445 561 2504 Sacerdotem:
588 2444 723 2519 quoniam
741 2444 762 2476 ¹⁰
772 2463 832 2502 non
855 2447 958 2504 eodem
981 2450 1124 2518 tempore,

257 2559 352 2617 neque
362 2542 450 2602 simili
457 2543 529 2600 iecit
535 2560 660 2600 annona.
669 2542 759 2602 dicito
771 2543 874 2617 potius,
884 2543 1021 2620 quoniam
1031 2544 1125 2602 bobes

259 2647 407 2700 auctorem
429 2641 574 2710 idoneum,
599 2642 673 2715 quod
696 2642 842 2700 Antonius
865 2659 923 2700 nno
942 2643 1081 2709 adventu,
1096 2645 1129 2698 et

260 2740 315 2799 vix
328 2741 481 2799 menstruis
493 2739 611 2798 cibariis
624 2739 734 2808 iecerit,
748 2739 777 2798 id
790 2741 877 2800 istum
898 2759 950 2814 per
967 2739 1130 2798 trienninm

261 2838 385 2896 iecisse:
406 2843 437 2896 et
446 2839 528 2895 istius
542 2837 742 2896 innocentiam
755 2837 797 2897 Μ.
813 2838 938 2898 Antonii
949 2839 1027 2898 lacto
1041 2843 1131 2912 atque

263 2989 1136 3105 tirnidttttdbidlili“mingentii

263 3105 311 3168 peri
320 3105 343 3152 in
352 3105 387 3151 ed.
400 3105 424 3152 P.
436 3103 535 3152 Manutii
548 3107 602 3153 loto
612 3110 636 3152 et
645 3105 699 3153 Aldi
708 3121 757 3168 nep.
766 3123 787 3154 n.
800 3112 858 3156 1554.
871 3123 914 3170 qna
923 3123 974 3154 usus
983 3106 1073 3154 videtur
1084 3106 1140 3154 Ho-

263 3169 386 3213 tomannns.
417 3165 442 3212 ln
459 3163 559 3210 omnibus
574 3163 623 3210 aliis
632 3164 752 3222 veteribus,
767 3165 834 3214 etiam
848 3168 876 3214 G.
887 3167 964 3226 Stcpb.
975 3181 997 3212 a.
1017 3169 1082 3213 1⁵⁵5.
1102 3169 1140 3211 est

262 3225 348 3283 populo.
373 3223 479 3270 Ceterum
488 3222 633 3280 &sedpsines
643 3223 665 3271 b
677 3222 693 3269 l.
705 3228 739 3270 est
748 3225 855 3272 donasses.
866 3240 918 3272 nam
934 3225 1009 3272 omnia
1028 3223 1142 3272 diambn

264 3281 366 3339 describi,
375 3297 432 3344 quae
441 3285 495 3328 fiunt
505 3295 545 3342 per
553 3280 683 3330 divisionem
692 3282 790 3344 aliquam
799 3288 823 3329 et
831 3283 979 3344 partitionem.

293 3361 314 3394 ¹⁰
330 3359 525 3418 conecterem]
551 3360 679 3418 [regendum
697 3365 732 3407 est
748 3361 821 3408 todem
839 3369 935 3418 meon,
949 3360 1146 3422 uteotmpnrle

266 3419 370 3466 Antonio.
398 3419 515 3471 Quomodo
529 3433 556 3464 ea
572 3419 659 3476 syllaba
673 3418 787 3476 exciderit,
797 3419 862 3466 facile
879 3419 1019 3478 intelligitur.
1030 3435 1090 3466 nam
1102 3420 1148 3466 Sa·

266 3473 402 3580 gemiscit
411 3481 465 3526 artie
473 3491 572 3536 mnsam,
583 3476 693 3526 munius
701 3481 751 3538 post
761 3493 860 3536 messem,
868 3477 1010 3554 quorespiclt
1016 3478 1151 3526 munitate
