2438 4206
225 331 267 392 43
566 323 602 374 ru
617 319 763 378 vmbri

217 455 341 549 ‘quidem
350 473 537 540 esseticiturn,
545 477 593 536 cui
601 478 784 536 concesserat
791 467 1094 544 nmnmapcpnintsc·

227 576 571 652 terumqunesitarumqus
581 592 673 634 rerum
682 589 805 630 summas
814 571 993 628 imminuere.
1009 569 1094 623 iilum

226 669 297 726 viris
310 671 470 730 fortissimis
481 675 649 746 judicarunt
664 677 759 744 patres
773 667 931 738 conscripti
946 665 1092 724 remittere

225 767 263 824 de
276 787 385 828 summu
401 789 457 830 nou
479 773 621 843 potuisse:
643 776 672 828 te
697 769 811 826 mulieri
832 766 996 824 teterrimae
1011 767 1091 819 recte

226 868 368 924 remisisse
395 875 541 926 senatores
562 865 756 940 judicabunt?
787 869 850 931 lite,
876 866 915 919 de
942 878 998 935 quc
1026 863 1092 932 lege

225 967 345 1036 populus
361 966 506 1024 Romrnus
521 968 656 1038 jusserat,
670 971 702 1022 ut
726 965 817 1038 ipsius
833 965 966 1020 voluntas
988 960 1095 1032 populo

227 1060 359 1117 Romano
379 1071 455 1120 esset
478 1081 529 1136 pre
551 1068 626 1136 iege,
645 1071 742 1122 tumen
765 1064 795 1120 in
820 1065 873 1116 hcc
897 1076 955 1116 uno
976 1074 1095 1132 genere,

226 1163 355 1214 veterum
378 1162 516 1234 reiigione
542 1166 645 1235 tegam,
666 1160 891 1247 reprdrenditnr.
912 1163 952 1222 tu,
966 1155 1014 1229 qui
1032 1171 1092 1210 om·

226 1255 309 1313 nibus
324 1258 433 1330 iegibus
447 1259 611 1332 implicatus
624 1262 769 1326 tenebere,
782 1258 931 1314 libidinem
946 1254 999 1310 tibi
1014 1259 1094 1308 tuam

226 1371 278 1427 pru
294 1358 356 1430 tege
371 1375 434 1412 esse
450 1355 589 1416 vetuisti?
608 1358 639 1414 in
655 1358 706 1414 iiio
720 1355 947 1428 reprehenditur,
966 1352 1040 1424 qnod
1054 1365 1095 1406 ex

227 1470 263 1508 ea
279 1455 398 1524 pecunia
416 1455 565 1520 remiserit,
585 1473 671 1528 quam
684 1455 746 1525 ipse
760 1453 938 1527 quaesierat:
960 1448 1013 1506 tibi
1026 1463 1095 1504 con-

228 1553 355 1617 cedetur,
378 1552 445 1625 quid
469 1554 506 1608 de
528 1552 625 1624 capite
648 1551 835 1624 vectigalium
854 1548 951 1623 popuii
971 1543 1097 1603 Romani

176 1629 217 1688 ³⁶
230 1646 387 1707 remisisti?
410 1651 506 1723 Atque
518 1651 549 1708 in
563 1652 619 1706 boc
632 1667 739 1723 genere
750 1649 888 1706 andusiae
904 1649 993 1703 mutto
1006 1645 1096 1700 etium

228 1745 422 1818 impudentius
440 1745 462 1778 ⁷²
471 1749 501 1805 in
514 1747 648 1806 decumis
661 1748 878 1820 Segestensium
890 1750 1019 1802 versutus
1034 1748 1095 1798 ests

229 1862 378 1918 quassum
403 1847 560 1903 addixisset
580 1847 677 1902 eidem
696 1845 741 1902 itti
759 1843 780 1876 ⁷³
791 1845 926 1908 Docimo,
940 1840 957 1876 i
973 1843 1028 1897 boc
1042 1844 1096 1907 est,

229 1942 320 1998 tritici
332 1941 459 1998 mndirim
481 1944 604 2016 quinque
627 1942 762 2007 minibus,
776 1948 806 1998 et
828 1942 1026 1998 accessionem
1048 1939 1097 1996 ad·

228 2039 389 2110 scripsisset
416 2041 478 2096 H·S
507 2057 560 2106 un,
583 2037 681 2112 eoiigit
707 2040 896 2112 Segestenses
928 2056 946 2094 a
970 2037 1096 2094 Docimo

229 2137 370 2194 tantidem
390 2135 411 2167 ⁷⁴
423 2137 536 2210 publice
550 2138 701 2210 accipere:
723 2138 752 2194 id
766 2140 841 2212 qnod
862 2155 899 2194 ex
916 2135 1096 2210 Segesteusi·

229 2252 279 2294 urn
300 2236 415 2308 publico
436 2236 603 2296 testimonio
622 2239 801 2311 cognoscite.
843 2236 948 2294 Recita
968 2236 1097 2292 testimo·

229 2335 310 2394 nium
332 2335 486 2407 publicum.
507 2353 721 2394 ussuruouruu
744 2351 908 2392 eusnrcuu.
954 2333 1098 2402 Audistis,

229 2433 329 2506 quanti
353 2435 489 2490 decumus
513 2435 660 2506 acceperit
680 2452 699 2490 a
721 2434 846 2492 Docimo
866 2433 981 2499 civitas,
1004 2430 1095 2489 tritici

230 2527 357 2587 mndidm
375 2532 499 2608 quinque
521 2531 656 2598 millibus,
670 2537 700 2589 et
719 2533 925 2590 accessionem.
967 2531 1096 2604 Cognos-

230 2628 289 2685 cite
304 2646 390 2696 nunc,
404 2629 504 2704 quanti
517 2648 549 2686 se
563 2630 730 2687 vendidisse
744 2630 880 2686 retulerit.
922 2647 985 2688 snx
1005 2647 1098 2686 nacu-

231 2744 284 2784 urs
306 2745 484 2786 vnunuuma
506 2746 646 2786 c.vnuan
667 2747 714 2786 rs.
765 2729 830 2786 Hoc
853 2729 970 2786 nomine
991 2727 1098 2786 videtis

230 2883 272 2934 set,
283 2879 360 2924 melius
370 2881 437 2928 ctiam
447 2881 547 2927 heberet.
578 2881 663 2928 Metius
672 2881 739 2928 etiam
757 2881 813 2926 soret
828 2880 960 2934 represserit,
973 2895 1039 2942 qnam
1049 2895 1099 2928 sort·

231 2941 327 2981 ccessrut.
356 2939 380 2982 in
390 2954 448 2998 seqq.
457 2955 471 2983 c
479 2939 676 2994 pnpubrfuctrnusm
699 2973 703 2983 .
714 2952 799 2990 rerum,
808 2939 882 2991 miror,
893 2940 952 2983 viros
961 2941 1038 2985 doctos
1047 2943 1100 2986 hae·

174 3011 176 3014 ·
230 2993 452 3099 q'ersqq.san;?3teqrrqquseqq
455 3002 479 3091 et
489 2996 535 3042 [ieri
545 2996 654 3042 dicuntur.
685 2955 745 3042 ssene
755 2995 811 3039 vidit
820 2993 935 3041 Graevius.
961 2996 1099 3058 Etpopulus

261 3130 285 3162 ⁷2
298 3129 325 3176 in
335 3131 432 3177 neumis
445 3130 613 3189 chsstcrsn'um]
630 3145 659 3176 se.
670 3145 684 3176 a
694 3130 778 3192 quibus,
790 3129 877 3178 etiamsi
891 3131 1031 3190 immunibus,
1043 3150 1062 3180 r„
1074 3138 1098 3182 a.

231 3186 281 3246 iege
291 3191 315 3233 et
324 3187 420 3244 foedere,
431 3194 505 3235 tamen
516 3189 617 3235 decumas
627 3190 706 3249 exegit.

260 3267 283 3299 '¹³
298 3265 354 3312 Dur.
363 3266 400 3311 troc
411 3272 446 3322 ert,
457 3269 497 3329 tn]
528 3268 582 3314 Post
591 3266 629 3314 bre
639 3274 676 3324 est,
687 3284 700 3315 e
713 3269 824 3316 Lambino
834 3267 923 3316 Tertius
932 3269 1018 3316 addidit
1028 3269 1099 3318 Gree-

230 3323 291 3382 vius3
308 3325 354 3369 sive
368 3326 516 3384 ernqjeetura
531 3327 609 3374 bamb.
626 3328 673 3374 sive
683 3344 697 3376 e
707 3328 766 3375 libro
776 3329 860 3376 hebuit.
893 3333 925 3378 At
934 3330 1014 3381 neseio,
1031 3343 1100 3391 quare

231 3381 272 3428 hor
282 3383 440 3440 addiderit—hie
449 3385 535 3442 Cicero,
546 3402 600 3433 curn·
610 3402 645 3436 res
655 3393 708 3437 ante
715 3389 764 3448 jarn
773 3395 831 3436 esset
846 3389 936 3436 tradite
966 3388 1052 3437 Melius
1060 3389 1104 3435 lucc-

230 3445 261 3487 ert
270 3441 378 3489 deleatur.
411 3444 454 3490 Sed
463 3442 605 3492 nildeeemo.

257 3517 282 3552 '⁴
293 3521 383 3579 petuas
396 3523 501 3586 πείρετε]
517 3539 539 3572 r.
551 3524 616 3572 Clau.
