2428 4212
219 333 283 392 2¹0
551 321 586 374 ΙΝ
600 319 744 374 vunnu

218 473 287 551 qaid
304 473 406 532 salutis
428 471 569 542 afferrem,
589 479 620 532 et
640 490 707 532 oum
727 474 766 532 ab
787 468 923 530 omnibus
942 465 1099 540 morlain,

217 575 337 648 legatos,
351 572 471 641 littores,
484 573 706 648 testimonlaque
714 572 893 639 sumsissem
906 572 939 628 in
952 571 1005 630 illa
1013 571 1104 630 ciri.

216 677 278 732 tate
292 671 365 730 nihil
385 672 527 747 ejmmodi
540 673 675 730 momen.
697 671 962 746 Respondimus
974 673 1093 730 Rom

216 771 248 830 ln
261 778 410 830 conventu
425 771 597 840 Siculorum,
607 787 677 830 curu
688 788 707 829 a
717 787 765 828 me
774 770 917 829 auxilinm
938 770 1093 828 communi

215 871 345 928 omnium
354 871 530 945 legationum
540 871 665 928 oonsilio
675 873 836 944 petebatur,
843 885 986 943 causaque
996 869 1093 925 totius

214 971 253 1028 ad
275 987 322 1028 rue
344 970 466 1028 Siciliae
486 967 677 1037 defensetur,
700 972 812 1044 legatos
837 971 1089 1044 Syracusanorum
1209 1027 1211 1050 l

215 1067 346 1126 mune:
367 1085 460 1142 neque
474 1085 522 1126 me
535 1071 689 1142 postulare,
702 1067 903 1142 utquidquam
922 1072 1023 1126 contra
1046 1068 1090 1128 0.

213 1165 338 1223 Verrem
355 1167 561 1224 decerneretur
573 1167 606 1224 in
619 1185 656 1224 ea
675 1167 767 1236 curia,
789 1167 822 1224 iu
844 1184 901 1241 qua
924 1166 1092 1225 inauratam

212 1263 251 1323 (l.
267 1265 368 1322 Verris
381 1269 506 1324 statuam
520 1266 659 1323 viderem·
702 1267 787 1338 Quod
804 1270 993 1339 posteaquam
1012 1264 1088 1333 dixi,

214 1365 312 1420 tantus
326 1369 371 1420 est
389 1364 517 1438 gemitus·
537 1364 631 1422 lactus
655 1366 794 1438 adspectu
817 1368 931 1422 statuae
955 1369 987 1420 et
1007 1379 1087 1422 com-

213 1462 431 1529 memoratione,
446 1461 558 1520 utillud
573 1462 698 1520 incuria
718 1462 842 1535 positum
864 1467 1087 1520 monumentum

213 1561 365 1624 soelenrm,
379 1576 437 1615 uon
459 1560 664 1617 beneficiorum
685 1560 841 1618 videretur.
883 1561 963 1620 Tum
983 1578 1036 1634 pro
1054 1575 1090 1618 se

214 1656 343 1730 quisque,
357 1661 494 1731 quantum
507 1657 635 1715 dicendo
647 1659 762 1734 assequi
775 1663 897 1734 poterat,
910 1662 1019 1718 dooere
1039 1676 1087 1718 me

213 1755 323 1829 eoepit,
343 1773 388 1824 ea,
408 1773 481 1831 quae
502 1758 600 1830 paullo
622 1762 691 1815 aute
714 1759 962 1817 commemoravi:
981 1759 1089 1833 spolia-

214 1856 390 1923 tsmurbem,
405 1855 472 1913 lana
482 1855 610 1929 direpta:
625 1875 664 1914 ex
676 1857 806 1914 Heroolii
815 1858 988 1926 hereditate,
997 1875 1085 1933 quam

214 1953 390 2023 palaestritis
421 1955 623 2022 concessisset,
658 1958 749 2013 multo
788 1957 946 2015 maximam
973 1961 1087 2030 perlem

214 2047 308 2118 'psum
327 2050 497 2105 abstulisse:
518 2065 613 2126 neque
632 2056 836 2124 postulandum
858 2054 956 2124 luisse,
979 2061 1012 2112 ut
1031 2055 1083 2112 ille

212 2144 394 2217 palaestritas
407 2145 551 2220 diligeret,
565 2150 614 2223 qui
624 2151 713 2208 etism
726 2151 911 2211 inventorem
924 2154 982 2211 olei
996 2153 1087 2210 deum

212 2241 394 2300 sustulisset:
426 2261 519 2318 neque
545 2246 626 2305 illam
654 2254 779 2308 statuam
802 2269 867 2309 esse
894 2270 932 2309 ex
958 2252 1087 2326 pecunia

213 2340 339 2412 publica,
352 2359 446 2416 neque
460 2345 576 2415 publice
586 2348 702 2405 datam:
723 2351 774 2406 sed
796 2367 857 2418 eos,
873 2351 921 2424 qui
940 2351 1083 2408 lin-edita·

213 2436 250 2494 tis
263 2439 442 2512 diripiendae
457 2442 611 2517 participes
626 2446 756 2516 luissent,
770 2448 936 2508 taciendam
956 2453 1085 2506 statuen-

213 2535 335 2610 damque
348 2553 482 2596 curasse:
503 2544 620 2599 eosdem
636 2545 747 2602 Romae
759 2547 848 2614 iusisse
863 2550 983 2622 legatos,
1002 2549 1089 2606 illius
1205 2575 1206 2609 l

212 2633 356 2707 affiniores
370 2637 569 2710 improbitatis,
583 2645 676 2700 sooios
689 2644 835 2714 furtorum,
849 2645 983 2704 conscios
1004 2647 1086 2720 tingi·
1204 2687 1205 2712 ι

141 2805 147 2810 ,
212 2733 331 2790 tionum:
355 2753 391 2792 eo
405 2737 498 2793 miuus
512 2740 609 2797 mirari
621 2759 667 2798 me
680 2748 819 2816 oportere,
834 2745 859 2801 si
872 2745 917 2802 illi
929 2744 1083 2804 communi
1203 2771 1204 2814 l

161 2825 203 2883 63
214 2831 372 2902 legatorum
386 2836 529 2892 voluntati
543 2843 574 2893 et
586 2841 673 2896 saluti
688 2842 809 2898 Siciliae
829 2843 999 2907 demissent.
1021 2843 1084 2902 Ubi
1202 2873 1203 2876 ¹

213 2943 311 2981 eorum
324 2929 452 2986 (lotorem
466 2949 504 2988 ex
518 2934 595 2992 illius
609 2937 731 3010 injuriis,
745 2957 803 2997 non
817 2944 904 3000 morlo
918 2959 977 2999 uou
991 2942 1086 3000 miuo-
1201 2971 1202 2980 2

211 3038 283 3087 rem,
297 3023 347 3078 sed
363 3043 450 3096 prope
465 3030 611 3102 madorem,
631 3053 715 3107 quam
735 3046 897 3098 ceterorum
919 3041 1085 3100 Siculorum

213 3135 277 3175 esse
290 3122 433 3194 cognovi:
453 3122 474 3156 ω
486 3131 545 3182 tum
558 3146 615 3202 ego
627 3149 722 3192 meum
736 3137 865 3196 animum
879 3139 910 3196 iu
924 3140 1001 3207 illos,
1023 3145 1088 3198 run

242 3271 265 3302 ⁶⁹
282 3277 329 3318 lam
339 3290 377 3332 ego
392 3283 465 3323 rreum
474 3277 605 3387 uslauk
626 3284 684 3332 Eds.
694 3301 727 3356 pr.
740 3305 777 3347 ego
785 3295 836 3351 post
844 3291 995 3340 alterorum
1002 3293 1092 3340 habent

215 3341 291 3374 errore
311 3332 464 3399 librariorum:
486 3339 570 3384 delevit
608 3377 612 3388 .
625 3343 751 3402 Mannum,
761 3349 800 3394 serl
810 3351 887 3396 abesse
895 3349 986 3397 omniuo
995 3365 1040 3398 non
1050 3363 1093 3414 ptr

213 3387 264 3453 test,
276 3393 300 3454 ut
314 3405 337 3434 ur
348 3396 503 3460 recentioribus
514 3401 631 3458 nonnullis,
643 3404 695 3462 quia
707 3407 831 3454 orationem
838 3409 986 3455 efficaciorem
997 3411 1060 3467 saur,
1068 3416 1094 3458 et

214 3456 237 3486 ιιι
256 3444 296 3488 tab
317 3455 418 3497 emtione
434 3454 528 3501 additur.
560 3457 632 3504 Recte
652 3462 719 3508 etiam
740 3465 965 3514 Gmeriusreslibsit
995 3469 1094 3517 Mmel

214 3515 263 3544 urm
273 3502 352 3550 eodem
364 3509 476 3568 debriet,
492 3519 518 3559 ut
528 3517 549 3560 ei
557 3517 623 3564 illum
634 3521 790 3580 burdationem,
801 3527 861 3585 quod
871 3527 940 3586 plane
955 3527 1030 3575 1⁰⁸⁰oe
1048 3543 1096 3576 Μ

212 3557 322 3606 habetet
336 3564 414 3616 aberat
424 3571 473 3618 sod.
484 3587 530 3631 reg.
542 3579 566 3621 ut
577 3575 620 3624 (iu.
656 3578 781 3630 Deloverst
790 3590 814 3631 et
823 3583 883 3634 Rois.
895 3585 973 3648 steps
