2460 4200
304 377 307 385 .
365 337 437 390 nce.
454 337 484 387 11.
499 335 597 387 mann
614 337 762 388 nunnius.
971 341 1009 402 18

146 485 271 560 Ingenio
282 485 390 561 aliquid
401 493 547 544 assecutus
561 485 617 544 es?
636 490 680 543 tot
693 485 824 543 nonnnes
834 484 1010 561 sapientissi-

147 602 210 644 mos
224 587 445 654 etciarissimos,
456 586 504 661 qui
518 587 599 644 iliam
613 585 793 660 provinciam
806 591 874 642 ente
888 592 918 642 te
931 591 1011 644 tenu·

149 690 242 752 emnt,
265 686 418 758 prudentia
439 684 619 759 consilioque
643 681 762 743 vicisti?
789 683 841 740 Est
862 687 950 751 tunm,
966 689 1012 742 est

143 782 256 856 ingenii
269 783 496 858 diiigentiseque
510 787 586 840 tnnc.
628 785 677 842 Do
691 783 746 840 hoc
761 781 815 839 tibi
828 788 859 840 et
870 784 1010 840 concedo.

143 881 215 949 scio,
227 887 258 938 te
273 883 393 950 Romae,
407 899 475 940 cum
496 888 610 956 praetor
621 896 708 949 esses,
722 880 820 939 edicto
841 885 891 938 tuo
904 897 1012 954 possea·

142 979 239 1038 aiones
259 982 449 1038 hereditatum
462 979 511 1038 ¹⁴a
527 981 585 1039 suis
598 983 635 1038 sd
648 981 796 1049 adenona
814 980 913 1053 primis
932 981 1012 1037 here·

141 1077 226 1136 ditius
241 1079 278 1137 nd
288 1081 442 1142 secundos,
457 1097 474 1136 a
489 1081 601 1153 iegibus
615 1082 652 1136 ad
666 1080 816 1137 iibidinem
830 1083 909 1136 tuem
923 1084 1013 1136 trrrns¹
1048 1085 1052 1090 '

146 1176 256 1232 tulisse.
278 1177 349 1242 ecio,
363 1181 394 1231 te
406 1160 504 1234 edicta
517 1179 692 1250 superiorum
701 1177 829 1235 omnium
842 1179 1012 1246 correxisse,

146 1278 178 1331 et
200 1273 396 1346 possessiones
419 1275 610 1332 hereditatum
631 1293 688 1330 non
710 1277 867 1332 secundum
884 1293 944 1340 eos,
962 1275 1013 1349 qui

144 1372 313 1446 proferrent,
327 1373 379 1428 sed
399 1373 558 1428 secundum
571 1389 630 1439 eoa,
651 1371 700 1444 qui
713 1373 847 1428 dicerent
859 1377 1013 1428 testamen·

145 1475 207 1528 tum
221 1471 336 1538 tectum,
349 1471 481 1528 dedisse:
502 1487 607 1544 easque
622 1487 666 1526 res
682 1485 773 1526 novas
783 1472 834 1525 abs
845 1474 874 1525 te
886 1473 1010 1542 prolutas

146 1575 177 1626 et
187 1570 326 1628 inventas
340 1587 444 1644 magno
458 1569 512 1627 tibi
525 1569 656 1644 quaestui
677 1567 764 1625 fuisse
777 1569 856 1625 seio:
876 1571 1013 1626 eundem·
1066 1593 1078 1616 ι

148 1686 204 1743 que
219 1674 248 1724 te
263 1667 384 1724 memini
404 1667 553 1724 censorius
566 1684 677 1739 quoque
697 1668 775 1739 leges
789 1666 820 1722 in
833 1667 916 1723 sartis
926 1668 1012 1725 tectis

150 1767 304 1838 exigendis
317 1767 419 1820 toliere
430 1773 461 1820 et
474 1769 669 1820 commutare:
690 1780 727 1818 ne
741 1763 767 1817 is
775 1763 936 1830 redimeret,
946 1765 1014 1836 cuju

148 1880 194 1920 res
208 1868 302 1919 esset:
317 1879 355 1918 ne
369 1862 478 1934 pupilio
492 1867 598 1917 tutores
608 1859 814 1933 propinquique
821 1863 1014 1930 consulerent,

148 1977 206 2036 quo
229 1959 323 2017 minus
347 1959 468 2016 fortunis
494 1958 626 2016 omnibns
650 1961 848 2014 everteretur:
877 1958 1015 2032 exiguum

149 2058 228 2115 diem
250 2057 402 2131 praefinire
425 2057 515 2130 operi,
536 2074 592 2131 quo
610 2063 723 2113 ceteros
737 2057 775 2112 nb
788 2057 905 2130 negotio
915 2059 1013 2115 exciu-

148 2157 241 2223 deren,
254 2155 344 2229 ¹⁵ipse
366 2156 398 2214 in
423 2160 472 2212 tuo
489 2156 669 2229 redemptore
691 2156 800 2212 nuliam
813 2160 921 2212 certam
935 2155 1030 2213 diem‘

146 2256 325 2312 observares.
366 2254 559 2324 Quamobrem
575 2270 681 2310 novem
693 2255 788 2326 legem
803 2259 831 2310 te
841 2254 871 2310 in
884 2254 1015 2311 decumis

148 2352 283 2409 statuisse
297 2369 355 2408 non
369 2351 464 2418 mimr,
480 2351 628 2408 hominem
641 2352 674 2409 in
691 2351 795 2408 edictis
809 2351 968 2424 praetoriis,
981 2352 1013 2410 in

146 2449 287 2507 censoriis
312 2449 422 2522 iegibus
442 2449 503 2506 tam
525 2451 703 2523 prudentem,
724 2456 783 2506 tam
803 2450 1012 2508 exemitntum:

146 2564 217 2615 non,
230 2549 356 2622 inquam,
371 2547 467 2615 miror,
482 2552 510 2604 te
524 2547 632 2623 aliquid
646 2547 843 2621 excogitasse:
863 2548 924 2614 sed,
937 2548 1014 2622 quod

146 2651 196 2703 tun
209 2655 322 2720 apeme,
344 2646 454 2718 injussu
478 2645 585 2718 populi,
597 2636 673 2701 ¹sine
694 2649 810 2701 senatus
832 2645 1013 2714 auctoritate,

141 2743 211 2824 jura
233 2743 411 2815 provinciae
429 2741 551 2798 Siciliae
573 2741 702 2807 mutaris,
723 2739 752 2797 id
775 2742 961 2814 reprehendo,
980 2743 1012 2802 id

148 2856 266 2899 accuso.
305 2837 482 2897 homerio
497 2842 527 2895 et
541 2836 576 2896 0.
592 2837 698 2895 Cottae
716 2838 880 2896 consulibus
894 2849 1010 2901 senatus

175 2995 197 3028 ¹⁴
207 3010 221 3040 n
231 2991 342 3040 liden‘sad
351 2990 527 3096 nlicnoeffldd.
538 3006 571 3051 pr.
582 3006 626 3038 non
637 2990 719 3038 hebent
728 3008 742 3038 u
751 2993 833 3051 literis,
856 2996 899 3042 uod
909 2996 1009 3043 additum

144 3051 434 3112 etenimqubusdana
499 3050 620 3097 b.eta1iis.
651 3051 844 3099 insinuantem
870 3054 1007 3100 abstentis.

146 3111 207 3162 erin
223 3111 246 3156 in
256 3124 318 3170 seqq,
332 3116 366 3156 est
384 3111 411 3156 ab
427 3110 474 3155 der.
482 3109 564 3166 prinas
572 3110 603 3154 ud
610 3111 721 3166 terrm,
730 3125 744 3155 o
753 3111 839 3167 ὶαςὶὸω
847 3113 877 3157 nd
885 3113 1009 3170 libidinem,

146 3181 200 3216 mne
210 3168 320 3214 nicetium
328 3168 396 3215 debet
404 3182 459 3224 esse,
468 3167 527 3214 unde
537 3168 688 3214 tmnsieratur.
718 3169 762 3214 Sed
770 3183 784 3212 n
793 3169 839 3215 mir
849 3170 916 3228 magis
926 3171 1007 3230 placet,

145 3228 199 3290 qnia
208 3226 329 3274 accuratius
336 3228 453 3287 respondet
461 3226 552 3272 alienis:
569 3226 592 3272 id
602 3225 671 3272 etiam
679 3227 818 3290 praeferebat
827 3226 941 3275 (irutems.

177 3307 197 3340 ¹⁵
211 3307 256 3364 ἐμω
264 3305 291 3352 in
299 3310 337 3351 tuo
346 3305 484 3365 redemtore]
510 3304 664 3352 Hotomennus
674 3305 726 3352 addi
735 3305 784 3351 vult
793 3319 844 3352 cuns
851 3307 904 3363 ipsc
920 3308 978 3356 bene
985 3311 1009 3358 in

145 3364 238 3423 vulgntn
247 3365 367 3424 scripturn:
388 3364 428 3410 sed
444 3363 462 3410 si
477 3379 504 3409 ex
519 3364 570 3409 edd.
586 3377 619 3423 pr.
637 3362 811 3419 antescribatur,
821 3379 862 3423 qun
871 3371 955 3424 ceteros,
966 3383 1009 3415 nm

145 3423 192 3470 crit
208 3438 223 3471 ο
238 3438 270 3479 ua
288 3428 354 3482 utque
372 3423 394 3468 id
411 3437 451 3469 nos
467 3419 535 3468 secuti
544 3436 623 3468 sumus.
640 3435 684 3468 non
694 3421 810 3482 praecedit
819 3438 866 3468 cum
874 3425 939 3476 diem
950 3428 1009 3486 quod

139 3482 205 3543 sequi
213 3439 306 3528 disent
314 3496 365 3543 qun,
374 3482 414 3529 sed
422 3481 526 3540 munem
533 3480 599 3538 diem
605 3480 667 3538 crdus
673 3481 782 3530 rationem
789 3481 891 3544 reddens,
897 3483 952 3533 dicit
958 3499 1001 3546 pso

182 3579 253 3621 von.
273 3580 303 3620 v.
559 3564 579 3617 2
