2418 4208
210 331 276 402 ’πῃ
553 327 588 379 lll
602 325 746 378 VERREM

209 479 374 550 nauarchis,
401 478 640 555 quemadmodum
666 473 769 535 elassis
795 471 833 530 sil
860 470 977 534 amiam.
1011 471 1079 532 illos

208 583 390 656 respondere,
405 584 436 636 et
447 581 553 636 dooere
571 590 812 650 unumquemque,
835 571 1079 630 missione¹romi
1092 591 1113 600 ‘¹

207 695 275 755 gum
301 680 377 736 lame
403 676 585 751 reliquorum,
612 663 778 736 Cleomenis
812 670 916 729 timore
943 675 974 728 et
999 671 1076 745 luga.

209 775 295 850 Quod
308 781 494 851 posteaquam
507 775 562 832 iste
570 771 803 848 eognovit,bano
817 768 958 827 rationem
968 769 1078 826 babere

208 875 317 950 eoepit.
359 876 484 935 Causam
510 874 566 930 sibi
588 873 745 930 dicendam
768 887 833 926 esse
854 871 989 925 statuerat
1008 867 1079 940 jam

209 979 288 1043 ante,
315 989 399 1048 quam
425 975 481 1030 hoe
505 988 558 1029 usu
584 970 709 1037 veniret,
735 970 779 1026 ita
804 973 837 1025 ut
862 966 956 1040 ipsum
979 965 1079 1038 priore

210 1072 325 1130 actione
338 1071 436 1128 «liuere
449 1069 580 1128 audiatis.
601 1069 742 1136 Videbat,
754 1066 819 1124 illis
829 1065 985 1124 nauarchis
999 1064 1079 1122 testi·
1107 1111 1110 1116 .

200 1171 271 1238 bus,
282 1173 393 1227 tantum
407 1170 463 1226 boo
474 1169 586 1226 orimen
599 1166 741 1226 sustinere
754 1183 787 1224 se
801 1165 978 1223 nullomodo
986 1181 1079 1237 posse.

211 1269 375 1328 Consilium
387 1269 469 1342 oepit
481 1267 574 1340 primo
586 1269 713 1334 stultum,
724 1268 924 1322 verumtamen
938 1265 1078 1322 clemens.

212 1367 406 1428 Cleomenem
418 1372 448 1424 et
461 1365 674 1425 navarohoand
682 1381 714 1421 ae
723 1361 925 1434 voearijubet.
935 1361 1077 1420 ueniunt.

211 1472 331 1526 aoousnt
343 1483 402 1536 eos,
416 1467 492 1539 quod
505 1446 668 1537 hujusmodi
688 1464 725 1520 de
746 1479 778 1520 se
804 1477 952 1518 sermones
975 1461 1081 1528 babue-

211 1563 286 1622 rint:
306 1569 397 1636 rogut,
411 1566 442 1619 ut
454 1561 486 1619 id
498 1562 594 1618 faeere
607 1560 757 1629 desistant,
777 1563 808 1616 et
828 1559 860 1615 in
883 1575 937 1615 sua
960 1559 1079 1632 quisque

211 1660 376 1720 naviuioat
401 1678 433 1717 se
457 1664 570 1718 tantum
594 1660 728 1716 babuisse
756 1663 928 1726 nautarums
942 1661 1081 1732 quantum

212 1757 379 1832 oportuerit,
393 1775 487 1834 neque
500 1775 671 1834 quemquam
684 1775 747 1814 esse
761 1757 920 1817 dimissum.
935 1755 981 1813 illi
992 1756 1083 1814 enim·

212 1875 285 1916 vero
307 1875 340 1916 se
362 1859 527 1926 ostendunt,
551 1859 626 1931 quod
650 1858 751 1923 vellet,
765 1873 829 1912 esee
842 1855 977 1914 lauimus.
1020 1855 1080 1913 late

212 1975 272 2016 non
285 1956 494 2030 proorastinat:
515 1957 642 2015 advocat
654 1954 763 2012 amieos
776 1953 894 2012 statim:
915 1952 1028 2028 quaerit
1039 1970 1079 2009 ex

162 2091 167 2102 ·
211 2055 258 2112 his
270 2055 449 2128 singillatim,
462 2058 531 2126 quot
549 2053 668 2127 quisque
681 2057 784 2110 nautas
802 2051 942 2110 babuerit
963 2067 1079 2125 respon·

211 2151 255 2209 uit
267 2149 468 2225 unusquisque,
480 2155 513 2224 ut
526 2155 588 2208 erat
601 2153 796 2224 praeceptum.
837 2151 898 2208 Iste
914 2150 947 2207 in
967 2151 1080 2208 tabulas

211 2248 315 2308 refert:
335 2249 469 2322 obsignat
481 2248 572 2324 signis
583 2247 739 2306 amicorum
753 2249 910 2324 providens
922 2247 1030 2318 bomo;
1049 2253 1083 2306 ut

212 2353 315 2406 eontra
324 2348 381 2406 hoa
393 2347 512 2416 emman,
525 2348 552 2405 si
564 2349 678 2423 quaudo
690 2365 762 2422 opus
775 2353 862 2416 esset,
871 2349 928 2406 bna
939 2347 1081 2406 videlieet

213 2447 419 2506 testificatione
433 2450 566 2504 uteretur.
578 2473 581 2480 ⁴
608 2445 744 2504 Berisum
757 2447 847 2504 oredo
859 2465 923 2505 esse
933 2447 1084 2506 hominen

212 2549 360 2602 mentem
373 2561 390 2601 a
403 2543 463 2602 suis
477 2543 660 2613 consiliariis,
673 2549 703 2602 et
715 2567 719 2574 ¹
732 2545 920 2614 admonitum,
944 2547 1033 2606 boabo
1055 2544 1084 2604 el

213 2644 326 2702 tabulas
352 2641 426 2701 nihil
448 2642 624 2716 probaturus:
644 2643 733 2702 etiam
756 2647 873 2718 plusex
892 2644 985 2704 nimia
1003 2661 1085 2719 prue-

213 2743 284 2801 toris
297 2742 449 2818 diligentia
458 2742 630 2816 suspioionis
640 2743 672 2802 iu
683 2759 720 2800 eo
729 2741 850 2802 erimine
859 2743 993 2802 futurum.
1013 2743 1097 2802 Jam=

214 2842 271 2900 iste
284 2847 346 2898 erat
356 2843 412 2898 bae
425 2841 548 2898 stultitia
560 2842 658 2900 multia
670 2841 703 2898 in
715 2843 799 2899 rebus
812 2859 898 2910 usum·
908 2847 941 2900 ut
963 2842 1083 2916 publiee

214 2954 336 3012 quoque,
349 2955 423 3012 quae
437 2941 537 3006 vellet,
551 2938 583 2996 in
604 2939 761 3000 civitatum
782 2941 886 2998 litteris
909 2941 1030 2998 attolli
1052 2945 1086 2998 at

214 3033 312 3090 reterri
320 3033 454 3105 juberet:
474 3049 548 3108 quae
561 3037 659 3094 omnia
672 3056 750 3096 nuno
769 3039 909 3114 intelligit
928 3038 986 3098 sibi
1008 3038 1088 3098 nihil

215 3132 361 3207 prodesse,
373 3129 559 3206 posteaquam
571 3132 659 3192 aeriis
671 3117 785 3207 litteris,
805 3138 935 3204 testibus,
958 3135 1089 3196 unctori-

161 3207 203 3268 4⁰
216 3233 379 3308 talibusque
405 3230 601 3292 convincitur.
655 3233 718 3292 Ubi
742 3237 799 3294 hoo
825 3235 918 3304 videt,
936 3233 1089 3294 ²⁰illorum

247 3384 269 3416 ²⁰
281 3385 374 3432 illoram
384 3387 441 3445 corus.
451 3386 519 3446 testis(
536 3402 609 3436 rums
645 3389 709 3436 Haec
718 3389 817 3438 Graevio
825 3389 901 3452 spuria
917 3388 1066 3444 videnturuet
1077 3403 1093 3436 e

214 3440 288 3500 glossa
296 3443 423 3511 tabularum
433 3449 494 3514 nata
526 3449 558 3494 st
566 3447 630 3495 nimus
640 3449 701 3494 clare
709 3450 843 3512 respondent
852 3447 922 3496 bibus
931 3447 1094 3509 pruecedmti-

214 3499 268 3546 bus:
284 3499 389 3544 navareh1
398 3501 474 3568 dieunt
482 3517 505 3548 un
515 3505 557 3552 ruis
567 3507 658 3554 navibus
668 3521 782 3554 numerum
789 3512 907 3554 nautarum
916 3505 997 3553 suase:
1018 3507 1093 3552 refer-

214 3561 252 3605 tur
266 3557 322 3604 bueo
330 3555 437 3604 confessio
446 3560 470 3608 in
486 3561 588 3611 tubulus:
604 3569 672 3612 testes
689 3563 830 3614 confessionis
843 3565 909 3625 signis
918 3567 1013 3620 firnmnt,
1023 3565 1092 3624 quoti

214 3613 501 3722 gmaeammmt:
519 3620 576 3672 naut
583 3622 611 3672 iis
619 3629 762 3687 opponuntur
773 3639 825 3674 moa
835 3629 904 3674 sertae
913 3623 1001 3682 lim,
1012 3627 1093 3682 ms
