2438 4206
238 277 279 343 ῃ
564 291 600 340 ns
617 291 763 345 vennere

234 443 305 496 nrm,
319 429 446 494 relicturi
461 453 544 512 egros
557 455 658 499 omnes
671 447 763 512 erant,
775 443 833 502 nisi
850 445 887 502 ad
901 461 951 503 eos
965 444 1099 506 Metellus

233 524 328 586 Roma
351 530 461 592 litteras
483 538 616 608 misisset,
636 559 668 598 se
690 543 828 600 deeumas
852 545 917 618 leg‘e
940 545 1096 604 Hieronica

232 627 433 703 venditurumr
454 639 485 692 et
497 636 553 694 nisi
574 641 611 696 ab
631 639 667 696 iis
680 642 736 698 hoe
749 641 911 714 petivisset,
925 649 956 701 ut
970 647 1095 702 sererent

230 739 315 798 quam
329 727 495 800 plurimum:
516 738 591 808 quod
603 737 648 794 illi
661 757 775 813 semper
790 759 841 798 sue
858 743 1094 811 caesareorum,

230 836 297 880 eum
320 843 370 884 eos
394 847 479 888 nemo
503 840 626 907 rogaret,
641 839 774 911 quamdiu
797 840 1010 915 intelligebant,
1030 859 1092 899 sese
1197 871 1198 892 κ

228 918 284 978 sibi
298 928 328 978 et
341 931 447 999 populo
461 931 601 1002 Romano,
616 952 674 993 non
691 938 778 994 Verri
798 944 829 996 et
844 939 975 1012 Apronio
988 955 1090 1008 serere,

224 1017 403 1093 impendere,
417 1028 555 1086 laborare.
583 1033 651 1091 lem
665 1052 744 1103 vero,
752 1035 877 1108 judiees,
887 1038 912 1094 si
928 1037 1090 1097 Siculorum
1197 1089 1198 1098 ,

225 1115 352 1176 fortunas
363 1125 524 1199 negligitis:
546 1129 579 1198 si,
590 1135 830 1206 quemadmodum
844 1137 917 1194 sooii
928 1137 1025 1210 populi
1034 1139 1089 1195 Ro
1197 1229 1198 1232 Ἴ

224 1217 304 1274 meni
316 1236 335 1274 a
349 1224 560 1295 magistratibus
575 1231 678 1288 nostris
690 1237 856 1302 tractentur,
866 1251 924 1292 non
937 1237 1088 1293 laboretis:
1197 1247 1198 1274 l

223 1319 254 1370 st
270 1333 322 1373 vos
342 1336 524 1382 communem
546 1330 643 1402 populi
663 1331 788 1388 Romani
811 1350 928 1390 eausam
949 1335 1091 1408 suseipite

223 1417 308 1487 atque
322 1419 478 1478 defendite.
519 1426 638 1497 Ejeetos
661 1435 786 1487 aratores
809 1449 873 1488 esse
896 1434 982 1492 dieo:
1004 1451 1086 1507 egros

222 1512 383 1587 vectigales
398 1526 519 1576 venetos
533 1528 617 1596 atque
632 1526 826 1598 exinanitose
841 1532 951 1588 Verre:
972 1535 1088 1606 popula·

220 1611 290 1676 tam,
304 1620 496 1690 vexatamque
510 1622 699 1692 provinciam.
717 1627 790 1684 haee
810 1631 909 1686 omnia
927 1633 1020 1688 dooeo
1040 1633 1085 1691 lit·

220 1705 289 1762 teris
302 1709 464 1783 civitatum,
478 1722 508 1774 et
530 1719 651 1792 privetis
675 1725 872 1797 primariorum
886 1730 1011 1787 virorum
1029 1735 1085 1790 tes·

167 1791 209 1852 53
220 1802 356 1865 timoniis.
380 1812 456 1882 Quid
471 1817 558 1874 vultis
571 1821 715 1892 amplius?
734 1843 802 1883 num
816 1829 1001 1900 exspectetis,
1015 1831 1084 1888 dum

218 1901 255 1960 L.
270 1905 407 1966 Metellus
422 1911 455 1979 is,
469 1915 517 1987 qui
531 1920 634 1975 multos
656 1921 686 1976 in
709 1922 795 1982 istum
810 1931 896 1982 testes
916 1926 1038 2000 imperio
1052 1934 1082 1986 et

217 2005 360 2072 potestate
374 2007 519 2076 deterruit,
533 2013 611 2071 idem
625 2019 728 2075 absens
742 2022 779 2076 de
799 2023 881 2080 istius
896 2027 1016 2094 scelere,
1030 2027 1083 2084 im·

216 2099 368 2169 probitate,
392 2105 515 2164 audacia
535 2111 731 2173 testimonium
754 2119 855 2179 dieat?
888 2139 947 2180 non
970 2125 1083 2198 opinor.

216 2195 260 2252 At
278 2196 303 2252 is
324 2200 442 2272 optime,
463 2205 511 2279 qui
534 2213 674 2270 suecessit
698 2214 756 2283 isti,
781 2221 873 2290 potuit
894 2238 1082 2296 cognoscere.

215 2293 262 2350 lts
286 2302 347 2366 esl;
376 2317 476 2360 verum
500 2307 629 2367 amicitia
651 2310 814 2385 impeditur.
857 2320 900 2375 At
920 2321 1007 2379 debet
1028 2341 1083 2382 nos

213 2393 350 2450 certiores
363 2397 467 2466 lacere,
481 2419 537 2475 quo
550 2413 635 2478 paeto
649 2427 679 2466 se
697 2411 802 2470 babeat
816 2418 977 2488 provincia.
1019 2423 1082 2480 De·

212 2489 276 2547 bet:
298 2501 497 2556 verumtamen
511 2519 569 2560 non
583 2506 703 2579 cogitur.
744 2511 895 2589 Numquis
910 2517 941 2574 in
952 2518 1080 2578 Verrem

212 2587 248 2648 L.
274 2590 389 2651 Metelli
412 2598 607 2660 testimouium
630 2608 774 2682 requirit?
807 2631 901 2671 nemo.
923 2620 1079 2694 numquis
1130 2647 1134 2654 ·

209 2689 358 2761 postulat?
377 2711 435 2753 non
450 2699 560 2772 opinor.
600 2701 621 2734 ω
633 2705 711 2776 Quid
726 2708 752 2764 si
766 2710 932 2770 testimonio
955 2716 990 2773 L.
1012 2717 1079 2776 Me-

209 2788 273 2844 telli
287 2805 322 2845 ae
337 2790 439 2850 litteris
453 2797 526 2855 liaeo
540 2802 638 2858 omnia
652 2819 722 2862 vere
735 2823 799 2864 esse
813 2807 929 2868 doceo?
952 2813 1021 2887 quid
1035 2816 1081 2873 di-

208 2886 303 2944 oetis?
323 2895 416 2948 utrum
431 2895 583 2955 Metellum
602 2899 705 2959 falsum
725 2907 871 2967 seribere?
890 2929 927 2968 an
949 2915 1079 2975 amioum
1102 2890 1111 2912 ἱ

207 2985 342 3042 laedendi
353 3005 416 3045 esse
428 2992 586 3063 cupidum?
605 3013 642 3052 en
653 3006 822 3072 praetorem,
834 3011 1077 3078 quemadmodum

206 3081 361 3156 provincia
375 3087 479 3145 allecte
491 3089 538 3157 sit,
550 3093 685 3155 nescire?
714 3099 818 3160 Recita
832 3103 942 3164 litteras
957 3112 992 3168 L.
1009 3114 1076 3174 Me·

205 3181 279 3251 telli,
293 3200 362 3259 ques
377 3185 413 3242 ud
428 3186 483 3244 On.
500 3189 668 3266 Pompejum
682 3203 712 3255 et
727 3200 769 3257 M.
780 3203 914 3262 Crassum
929 3215 1078 3285 eonsules,

233 3334 257 3368 ²³
271 3336 364 3389 Quidri
377 3359 387 3370 ·
401 3365 411 3374 ·
425 3353 477 3389 sera
491 3357 533 3390 ease
550 3347 629 3410 daem]
662 3351 698 3398 Sic
708 3325 792 3402 eorreiri
802 3361 915 3421 vulgatum
926 3363 1008 3412 docebo.
1021 3382 1077 3416 narn

204 3405 291 3454 semper
300 3395 361 3442 sicin
372 3397 413 3444 bac
423 3399 493 3447 lorma
503 3404 572 3461 doceo,
581 3411 606 3453 ut
614 3423 637 3454 su

203 3449 236 3496 Et
245 3452 298 3498 alibi
308 3470 336 3516 qu
367 3471 395 3503 ue
402 3456 424 3503 in
435 3459 485 3505 edd.
494 3467 548 3510 vett.
560 3425 669 3514 nonnuffn
677 3470 752 3520 docebo
759 3477 800 3533 est,
810 3479 848 3526 ubi
856 3495 913 3532 nunc
921 3496 995 3531 omnes
1003 3485 1079 3544 doceo,

202 3508 339 3574 etsipariter
371 3521 422 3566 tura
431 3526 593 3584 sequanmur
608 3525 657 3573 bl.

654 3425 679 3455 ra
689 3427 708 3458 c.
719 3418 753 3460 46.
766 3415 820 3464 etin
832 3423 874 3467 fine
883 3438 933 3484 cap.
945 3426 1076 3484 superioris
