2418 4208
358 306 423 356 tor
438 307 468 356 ll.
484 305 582 356 URBE
595 305 746 369 QUINTUS.
902 313 966 372 263

102 451 250 526 imperare.
291 456 358 514 Hoc
371 473 408 514 eo
426 456 506 526 tacit,
519 461 552 514 ut
563 457 615 518 ille
634 473 695 515 non
713 457 805 514 solum
820 455 967 514 abesseta

104 551 190 610 domo
212 559 281 621 tum,
301 573 367 614 cum
386 557 555 632 navigaret:
576 558 629 614 sed
649 555 738 614 etiam
757 555 881 614 libenter
900 572 968 612 cum

62 659 77 674 “
103 669 209 728 magno
242 655 349 713 honore
383 656 580 730 beneficioque
613 657 745 712 abesset:
765 654 828 728 ipse
860 659 967 722 autem,

104 758 223 820 remoto,
236 760 322 830 atque
335 757 470 830 ablegato
484 755 556 822 viro,
575 772 636 812 non
649 755 778 822 liberius,
791 771 877 828 quam
889 757 968 821 ante,

102 847 177 928 (quis
204 854 282 912 enim
315 872 450 930 umquam
477 854 561 912 istius
590 853 706 910 libidini
735 852 848 910 obstitit
859 849 884 929 i)
917 856 969 914 aad

100 953 198 1021 paullo
217 954 354 1010 solutiore
375 959 477 1010 tamen
502 953 600 1010 animo
618 970 718 1010 secum
737 953 820 1008 illam
840 952 970 1018 haberet,

99 1049 200 1108 sinon
220 1058 367 1124 tamquam
380 1051 484 1116 virum,
505 1057 536 1108 at
559 1055 703 1126 tamquam
719 1052 866 1108 aemulum
879 1063 970 1106 remo·

102 1148 205 1205 visset.
261 1149 383 1222 Accipit
407 1165 514 1205 navem
539 1148 681 1206 sociorum
704 1155 790 1224 atque
811 1148 970 1206 amicorum

101 1248 281 1305 Cleomenes
309 1249 518 1320 Syracusanus.
565 1247 643 1318 Quid
666 1247 789 1319 primum
814 1253 864 1304 aut
886 1250 1023 1310 cocu-32
1123 1241 1126 1247 '

103 1363 178 1414 sem,
202 1351 252 1403 aut
275 1364 386 1422 querar,
406 1344 544 1420 judices?
566 1346 704 1405 Siculone
730 1343 851 1410 homini,
873 1344 972 1416 legati,

100 1444 272 1520 quaestoris,
299 1446 441 1518 praetoris
467 1445 592 1520 denique
616 1448 800 1518 potestatem,
822 1443 973 1508 honorem,

100 1545 306 1602 auctoritatem
319 1546 381 1602 dari
393 1543 404 1602 l
426 1545 497 1602 Sile
511 1544 688 1618 impediebat
698 1545 756 1602 ista
767 1542 974 1602 conviviorum

100 1643 313 1717 muliemmque
330 1644 500 1716 occupatio:
521 1644 572 1701 ubi
591 1641 779 1718 quaestores?
797 1643 847 1700 ubi
861 1639 973 1716 legati?

100 1738 189 1818 ²[ubi
198 1741 287 1797 ternis
296 1742 421 1798 ‹leuariis
431 1743 614 1798 aestimatum
623 1739 812 1798 insumentum?
825 1740 875 1797 ubi
884 1737 974 1798 muli?

99 1840 153 1898 ubi
170 1839 381 1897 tabernacula?
400 1839 451 1896 ubi
464 1845 507 1895 tot
527 1844 664 1912 tantaque
683 1845 853 1896 ornamenta
871 1838 974 1914 magis·

100 1939 229 1996 tratibus
242 1945 273 1994 et
296 1939 400 2012 legatis
413 1956 432 1995 a
449 1943 552 1996 senatu
572 1940 733 2013 populoque
756 1939 890 1996 Romano
912 1954 974 2010 per·

99 2038 196 2094 missa
211 2041 241 2093 et
254 2038 322 2094 data
331 2033 356 2114 ?]
377 2037 502 2113 denique
516 2038 566 2094 ubi
586 2037 725 2112 praetecti
738 2042 769 2094 et
788 2036 895 2094 tribuni
907 2033 975 2094 tuit

102 2136 138 2194 Si
165 2135 245 2194 civis
269 2137 416 2194 Romanus
437 2136 541 2210 dignus
565 2136 623 2194 isto
645 2135 764 2212 negotiq
794 2153 881 2194 nemo
903 2136 974 2207 suits

100 2237 175 2310 quid
189 2235 338 2302 civitates,
360 2254 433 2309 quae
457 2236 490 2291 in
511 2235 641 2292 amicitia
662 2236 775 2308 fideque
796 2235 895 2308 populi
918 2236 975 2292 Ro·

99 2334 188 2394 mani
210 2339 348 2406 perpetuo
359 2331 546 2390 manserant?
564 2333 615 2390 ubi
630 2329 810 2408 Segestana?
829 2333 880 2389 uhi
899 2333 976 2390 Cen·

100 2433 239 2507 turipina
264 2429 391 2490 civitas?
410 2449 484 2506 quae
504 2437 566 2490 tum
591 2431 705 2502 officiis,
731 2431 797 2500 lide,
820 2435 976 2499 vetustate,

99 2538 168 2592 tum
189 2530 280 2588 etiam
303 2531 478 2605 cognatione
502 2530 601 2604 populi
623 2530 748 2588 Romani
766 2547 872 2588 nomen
890 2529 976 2586 attin·

97 2637 189 2708 gunt.
233 2629 315 2687 Odii
337 2629 532 2686 immortales!
554 2626 655 2696 Quid?
674 2629 700 2684 si
726 2629 825 2686 harum
851 2628 977 2700 ipsamm

98 2731 267 2792 civitatum
299 2728 449 2794 militibus,
482 2727 615 2793 navibus,
653 2725 817 2792 nauarchis,
855 2725 978 2798 Syracu·

98 2847 197 2888 sanus
226 2828 400 2884 Cleomenes
417 2825 514 2896 jussus
542 2829 587 2881 est
616 2821 780 2896 imperare?
798 2841 858 2880 non
884 2823 977 2882 omnis

97 2930 217 2986 honos!
236 2927 274 2980 ab
306 2923 361 2980 isto
384 2922 545 2996 dignitatis,
564 2923 725 2997 aequitatis,
745 2924 889 2998 officiique
915 2925 978 2982 suh·

97 3030 184 3085 latus
208 3019 276 3080 est?
305 3022 425 3095 Ecquorl
447 3022 478 3078 in
494 3022 597 3079 Sicilia
618 3025 724 3082 bellum
738 3023 885 3098 gessimus,
909 3024 978 3098 quin

98 3121 310 3196 Centuripinis
331 3122 428 3189 sociis,
454 3122 644 3194 Syracusanis
664 3123 794 3180 hostibus
815 3119 978 3179 uteremur?

97 3229 197 3298 atque
222 3223 296 3278 hacc
316 3220 416 3280 omnia
439 3222 476 3276 cd
503 3221 671 3277 memoriam
692 3220 854 3285 vetustatis,
869 3235 927 3274 non
942 3217 979 3274 ad

97 3373 979 3538 lsalwesuntttttlall'ssltlffflss

97 3493 183 3562 honos
194 3489 238 3596 ᾗ
245 3500 269 3595 stt
277 3495 374 3552 potestas
383 3491 484 3540 mandari
493 3491 593 3551 legitime
602 3488 693 3551 posset?
706 3489 776 3536 Certe
784 3489 827 3538 ista
836 3489 898 3538 aliun
914 3505 927 3537 e
936 3489 979 3537 huc

97 3564 199 3611 migr-av
239 3564 253 3596 n
265 3583 270 3596 .
