<?xml version="1.0" encoding="UTF-8"?>
<!DOCTYPE html PUBLIC "-//W3C//DTD XHTML 1.0 Transitional//EN"
    "http://www.w3.org/TR/xhtml1/DTD/xhtml1-transitional.dtd">
<html xmlns="http://www.w3.org/1999/xhtml" xml:lang="en" lang="en">
 <head>
  <title>
</title>
<meta http-equiv="Content-Type" content="text/html;charset=utf-8" />
  <meta name='ocr-system' content='tesseract 3.04.00' />
  <meta name='ocr-capabilities' content='ocr_page ocr_carea ocr_par ocr_line ocrx_word'/>
</head>
<body>
  <div class='ocr_page' id='page_1' title='image "./mtvlliiciceroni10cicegoog_0095.png"; bbox 0 0 2438 4206; ppageno 0'>
   <div class='ocr_carea' id='block_1_1' title="bbox 210 305 743 373">
    <p class='ocr_par' dir='ltr' id='par_1_1' title="bbox 210 305 743 373">
     <span class='ocr_line' id='line_1_1' title="bbox 210 305 743 373; baseline -0.026 0"><span class='ocrx_word' id='word_1_1' title='bbox 210 313 253 373; x_wconf 71' lang='lat' dir='ltr'><strong>ab</strong></span> <span class='ocrx_word' id='word_1_2' title='bbox 550 307 586 358; x_wconf 68' lang='lat' dir='ltr'><strong>lli</strong></span> <span class='ocrx_word' id='word_1_3' title='bbox 600 305 743 363; x_wconf 70' lang='lat' dir='ltr'><strong>VmbM</strong></span> 
     </span>
    </p>
   </div>
   <div class='ocr_carea' id='block_1_2' title="bbox 88 452 1085 3204">
    <p class='ocr_par' dir='ltr' id='par_1_2' title="bbox 210 452 1085 532">
     <span class='ocr_line' id='line_1_2' title="bbox 210 452 1085 532; baseline 0.005 -18"><span class='ocrx_word' id='word_1_4' title='bbox 210 452 378 514; x_wconf 69' lang='lat' dir='ltr'><strong>vendidisti.</strong></span> <span class='ocrx_word' id='word_1_5' title='bbox 399 454 425 512; x_wconf 87' lang='lat' dir='ltr'><strong>si</strong></span> <span class='ocrx_word' id='word_1_6' title='bbox 444 471 483 513; x_wconf 81' lang='lat' dir='ltr'><strong>ea</strong></span> <span class='ocrx_word' id='word_1_7' title='bbox 504 457 580 531; x_wconf 77' lang='lat' dir='ltr'><strong>lege,</strong></span> <span class='ocrx_word' id='word_1_8' title='bbox 592 473 714 532; x_wconf 72' lang='lat' dir='ltr'><strong>magno:</strong></span> <span class='ocrx_word' id='word_1_9' title='bbox 732 457 769 525; x_wconf 87' lang='lat' dir='ltr'><strong>ei,</strong></span> <span class='ocrx_word' id='word_1_10' title='bbox 788 460 822 514; x_wconf 91' lang='lat' dir='ltr'><strong>ut</strong></span> <span class='ocrx_word' id='word_1_11' title='bbox 834 458 885 518; x_wconf 80' lang='lat' dir='ltr'><strong>lex</strong></span> <span class='ocrx_word' id='word_1_12' title='bbox 898 461 977 518; x_wconf 83' lang='lat' dir='ltr'><strong>etset</strong></span> <span class='ocrx_word' id='word_1_13' title='bbox 989 457 1085 518; x_wconf 89' lang='lat' dir='ltr'><strong>libido</strong></span> 
     </span>
    </p>

    <p class='ocr_par' dir='ltr' id='par_1_3' title="bbox 211 551 1084 631">
     <span class='ocr_line' id='line_1_3' title="bbox 211 551 1084 631; baseline 0.007 -21"><span class='ocrx_word' id='word_1_14' title='bbox 211 560 269 622; x_wconf 86' lang='lat' dir='ltr'><strong>tae,</strong></span> <span class='ocrx_word' id='word_1_15' title='bbox 282 551 303 586; x_wconf 86' lang='lat'><strong>¹⁴</strong></span> <span class='ocrx_word' id='word_1_16' title='bbox 311 571 418 628; x_wconf 77' lang='lat' dir='ltr'><strong>parvos</strong></span> <span class='ocrx_word' id='word_1_17' title='bbox 439 554 474 624; x_wconf 87' lang='lat' dir='ltr'><strong>si,</strong></span> <span class='ocrx_word' id='word_1_18' title='bbox 497 560 538 624; x_wconf 73' lang='lat' dir='ltr'><strong>ut</strong></span> <span class='ocrx_word' id='word_1_19' title='bbox 560 571 634 631; x_wconf 83' lang='lat' dir='ltr'><strong>quae</strong></span> <span class='ocrx_word' id='word_1_20' title='bbox 657 555 795 616; x_wconf 77' lang='lat' dir='ltr'><strong>dimidiae</strong></span> <span class='ocrx_word' id='word_1_21' title='bbox 810 561 919 625; x_wconf 72' lang='lat' dir='ltr'><strong>areat.</strong></span> <span class='ocrx_word' id='word_1_22' title='bbox 939 557 1084 618; x_wconf 85' lang='lat' dir='ltr'><strong>deoumae</strong></span> 
     </span>
    </p>

    <p class='ocr_par' dir='ltr' id='par_1_4' title="bbox 150 653 1083 827">
     <span class='ocr_line' id='line_1_4' title="bbox 150 653 1083 730; baseline 0.008 -21"><span class='ocrx_word' id='word_1_23' title='bbox 150 679 153 684; x_wconf 39' lang='lat'>¹</span> <span class='ocrx_word' id='word_1_24' title='bbox 213 657 393 722; x_wconf 71' lang='lat' dir='ltr'><strong>vocarentur,</strong></span> <span class='ocrx_word' id='word_1_25' title='bbox 406 671 497 728; x_wconf 83' lang='lat' dir='ltr'><strong>parvo</strong></span> <span class='ocrx_word' id='word_1_26' title='bbox 510 653 678 714; x_wconf 82' lang='lat' dir='ltr'><strong>vendidieti.</strong></span> <span class='ocrx_word' id='word_1_27' title='bbox 699 657 790 725; x_wconf 86' lang='lat' dir='ltr'><strong>multo</strong></span> <span class='ocrx_word' id='word_1_28' title='bbox 803 655 884 714; x_wconf 84' lang='lat' dir='ltr'><strong>euim</strong></span> <span class='ocrx_word' id='word_1_29' title='bbox 897 657 987 730; x_wconf 83' lang='lat' dir='ltr'><strong>pluris</strong></span> <span class='ocrx_word' id='word_1_30' title='bbox 1009 657 1083 716; x_wconf 83' lang='lat' dir='ltr'><strong>truo-</strong></span> 
     </span>
     <span class='ocr_line' id='line_1_5' title="bbox 210 751 1083 827; baseline 0.006 -18"><span class='ocrx_word' id='word_1_31' title='bbox 210 756 256 808; x_wconf 86' lang='lat' dir='ltr'><strong>tus</strong></span> <span class='ocrx_word' id='word_1_32' title='bbox 270 751 360 810; x_wconf 85' lang='lat' dir='ltr'><strong>annui</strong></span> <span class='ocrx_word' id='word_1_33' title='bbox 383 751 504 820; x_wconf 78' lang='lat' dir='ltr'><strong>Sieiliae</strong></span> <span class='ocrx_word' id='word_1_34' title='bbox 519 753 620 812; x_wconf 81' lang='lat' dir='ltr'><strong>venire</strong></span> <span class='ocrx_word' id='word_1_35' title='bbox 635 757 797 827; x_wconf 80' lang='lat' dir='ltr'><strong>potueruut,</strong></span> <span class='ocrx_word' id='word_1_36' title='bbox 820 753 845 810; x_wconf 87' lang='lat' dir='ltr'><strong>ei</strong></span> <span class='ocrx_word' id='word_1_37' title='bbox 864 753 896 812; x_wconf 92' lang='lat' dir='ltr'><strong>id</strong></span> <span class='ocrx_word' id='word_1_38' title='bbox 919 759 949 812; x_wconf 88' lang='lat' dir='ltr'><strong>te</strong></span> <span class='ocrx_word' id='word_1_39' title='bbox 964 760 1083 814; x_wconf 75' lang='lat' dir='ltr'><strong>tenebra</strong></span> 
     </span>
    </p>

    <p class='ocr_par' dir='ltr' id='par_1_5' title="bbox 209 851 1083 1121">
     <span class='ocr_line' id='line_1_6' title="bbox 210 851 1079 927; baseline 0.005 -19"><span class='ocrx_word' id='word_1_40' title='bbox 210 854 260 908; x_wconf 83' lang='lat' dir='ltr'><strong>aut</strong></span> <span class='ocrx_word' id='word_1_41' title='bbox 273 853 394 924; x_wconf 84' lang='lat' dir='ltr'><strong>populus</strong></span> <span class='ocrx_word' id='word_1_42' title='bbox 412 851 559 910; x_wconf 82' lang='lat' dir='ltr'><strong>Romanus</strong></span> <span class='ocrx_word' id='word_1_43' title='bbox 579 852 674 910; x_wconf 80' lang='lat' dir='ltr'><strong>taeere</strong></span> <span class='ocrx_word' id='word_1_44' title='bbox 689 851 838 910; x_wconf 84' lang='lat' dir='ltr'><strong>voluisset.</strong></span> <span class='ocrx_word' id='word_1_45' title='bbox 859 851 970 912; x_wconf 80' lang='lat' dir='ltr'><strong>etenim</strong></span> <span class='ocrx_word' id='word_1_46' title='bbox 990 869 1079 927; x_wconf 80' lang='lat' dir='ltr'><strong>saepe</strong></span> 
     </span>
     <span class='ocr_line' id='line_1_7' title="bbox 209 947 1083 1024; baseline 0.005 -18"><span class='ocrx_word' id='word_1_47' title='bbox 209 949 349 1006; x_wconf 86' lang='lat' dir='ltr'><strong>deeumae</strong></span> <span class='ocrx_word' id='word_1_48' title='bbox 373 949 449 1006; x_wconf 85' lang='lat' dir='ltr'><strong>tanti</strong></span> <span class='ocrx_word' id='word_1_49' title='bbox 465 947 629 1017; x_wconf 80' lang='lat' dir='ltr'><strong>venierunt,</strong></span> <span class='ocrx_word' id='word_1_50' title='bbox 642 967 711 1008; x_wconf 88' lang='lat' dir='ltr'><strong>oum</strong></span> <span class='ocrx_word' id='word_1_51' title='bbox 731 951 797 1024; x_wconf 81' lang='lat' dir='ltr'><strong>lege</strong></span> <span class='ocrx_word' id='word_1_52' title='bbox 819 949 980 1008; x_wconf 74' lang='lat' dir='ltr'><strong>Hieronica</strong></span> <span class='ocrx_word' id='word_1_53' title='bbox 999 951 1083 1010; x_wconf 84' lang='lat' dir='ltr'><strong>veui·</strong></span> 
     </span>
     <span class='ocr_line' id='line_1_8' title="bbox 209 1047 1082 1121; baseline 0.007 -18"><span class='ocrx_word' id='word_1_54' title='bbox 209 1051 283 1114; x_wconf 85' lang='lat' dir='ltr'><strong>reat,</strong></span> <span class='ocrx_word' id='word_1_55' title='bbox 300 1047 400 1121; x_wconf 80' lang='lat' dir='ltr'><strong>quanti</strong></span> <span class='ocrx_word' id='word_1_56' title='bbox 414 1064 492 1104; x_wconf 87' lang='lat' dir='ltr'><strong>nuno</strong></span> <span class='ocrx_word' id='word_1_57' title='bbox 506 1048 692 1121; x_wconf 75' lang='lat' dir='ltr'><strong>tegeVerrea</strong></span> <span class='ocrx_word' id='word_1_58' title='bbox 706 1047 870 1106; x_wconf 85' lang='lat' dir='ltr'><strong>venierunt.</strong></span> <span class='ocrx_word' id='word_1_59' title='bbox 911 1048 995 1108; x_wconf 80' lang='lat' dir='ltr'><strong>cedo</strong></span> <span class='ocrx_word' id='word_1_60' title='bbox 1007 1049 1082 1110; x_wconf 84' lang='lat' dir='ltr'><strong>mibi</strong></span> 
     </span>
    </p>

    <p class='ocr_par' dir='ltr' id='par_1_6' title="bbox 103 1145 1081 1318">
     <span class='ocr_line' id='line_1_9' title="bbox 103 1145 1081 1206; baseline -0.001 -1"><span class='ocrx_word' id='word_1_61' title='bbox 103 1192 106 1204; x_wconf 88' lang='lat'><strong>.</strong></span> <span class='ocrx_word' id='word_1_62' title='bbox 210 1147 246 1205; x_wconf 83' lang='lat' dir='ltr'><strong>o.</strong></span> <span class='ocrx_word' id='word_1_63' title='bbox 261 1145 394 1203; x_wconf 86' lang='lat' dir='ltr'><strong>Norbani</strong></span> <span class='ocrx_word' id='word_1_64' title='bbox 416 1146 554 1206; x_wconf 75' lang='lat' dir='ltr'><strong>decumas</strong></span> <span class='ocrx_word' id='word_1_65' title='bbox 568 1145 712 1204; x_wconf 80' lang='lat' dir='ltr'><strong>venditae.</strong></span> <span class='ocrx_word' id='word_1_66' title='bbox 733 1163 759 1204; x_wconf 84' lang='lat' dir='ltr'><strong>a.</strong></span> <span class='ocrx_word' id='word_1_67' title='bbox 771 1161 909 1204; x_wconf 79' lang='lat' dir='ltr'><strong>ueaeaur</strong></span> <span class='ocrx_word' id='word_1_68' title='bbox 929 1163 1081 1206; x_wconf 74' lang='lat' dir='ltr'><strong>uueuuae</strong></span> 
     </span>
     <span class='ocr_line' id='line_1_10' title="bbox 208 1243 1081 1318; baseline -0.001 -15"><span class='ocrx_word' id='word_1_69' title='bbox 208 1261 368 1304; x_wconf 71' lang='lat' dir='ltr'><strong>eunome</strong></span> <span class='ocrx_word' id='word_1_70' title='bbox 382 1262 456 1304; x_wconf 72' lang='lat' dir='ltr'><strong>aaut</strong></span> <span class='ocrx_word' id='word_1_71' title='bbox 471 1260 631 1304; x_wconf 70' lang='lat' dir='ltr'><strong>mouetur.</strong></span> <span class='ocrx_word' id='word_1_72' title='bbox 673 1243 765 1318; x_wconf 82' lang='lat' dir='ltr'><strong>Atqui</strong></span> <span class='ocrx_word' id='word_1_73' title='bbox 783 1248 845 1302; x_wconf 89' lang='lat' dir='ltr'><strong>tum</strong></span> <span class='ocrx_word' id='word_1_74' title='bbox 866 1259 961 1318; x_wconf 86' lang='lat' dir='ltr'><strong>neque</strong></span> <span class='ocrx_word' id='word_1_75' title='bbox 973 1243 1081 1317; x_wconf 85' lang='lat' dir='ltr'><strong>judiei-</strong></span> 
     </span>
    </p>

    <p class='ocr_par' dir='ltr' id='par_1_7' title="bbox 209 1340 1081 1614">
     <span class='ocr_line' id='line_1_11' title="bbox 209 1340 1081 1418; baseline -0.001 -15"><span class='ocrx_word' id='word_1_76' title='bbox 209 1363 257 1403; x_wconf 88' lang='lat' dir='ltr'><strong>um</strong></span> <span class='ocrx_word' id='word_1_77' title='bbox 272 1347 309 1401; x_wconf 89' lang='lat' dir='ltr'><strong>de</strong></span> <span class='ocrx_word' id='word_1_78' title='bbox 324 1342 550 1418; x_wconf 83' lang='lat' dir='ltr'><strong>modojugerum</strong></span> <span class='ocrx_word' id='word_1_79' title='bbox 562 1340 701 1402; x_wconf 83' lang='lat' dir='ltr'><strong>dabatur:</strong></span> <span class='ocrx_word' id='word_1_80' title='bbox 722 1359 815 1416; x_wconf 89' lang='lat' dir='ltr'><strong>neque</strong></span> <span class='ocrx_word' id='word_1_81' title='bbox 826 1341 906 1402; x_wconf 85' lang='lat' dir='ltr'><strong>euim</strong></span> <span class='ocrx_word' id='word_1_82' title='bbox 917 1347 979 1402; x_wconf 80' lang='lat' dir='ltr'><strong>arat</strong></span> <span class='ocrx_word' id='word_1_83' title='bbox 994 1342 1081 1402; x_wconf 84' lang='lat' dir='ltr'><strong>Arte·</strong></span> 
     </span>
     <span class='ocr_line' id='line_1_12' title="bbox 209 1441 1078 1514; baseline -0.001 -13"><span class='ocrx_word' id='word_1_84' title='bbox 209 1444 334 1502; x_wconf 79' lang='lat' dir='ltr'><strong>mitiores</strong></span> <span class='ocrx_word' id='word_1_85' title='bbox 346 1441 499 1499; x_wconf 71' lang='lat' dir='ltr'><strong>Cornelius</strong></span> <span class='ocrx_word' id='word_1_86' title='bbox 513 1443 713 1513; x_wconf 80' lang='lat' dir='ltr'><strong>reoupeaator:</strong></span> <span class='ocrx_word' id='word_1_87' title='bbox 734 1455 828 1514; x_wconf 83' lang='lat' dir='ltr'><strong>neque</strong></span> <span class='ocrx_word' id='word_1_88' title='bbox 842 1441 879 1498; x_wconf 88' lang='lat' dir='ltr'><strong>ab</strong></span> <span class='ocrx_word' id='word_1_89' title='bbox 891 1445 1004 1502; x_wconf 78' lang='lat' dir='ltr'><strong>aratore</strong></span> <span class='ocrx_word' id='word_1_90' title='bbox 1017 1457 1078 1500; x_wconf 86' lang='lat' dir='ltr'><strong>ma·</strong></span> 
     </span>
     <span class='ocr_line' id='line_1_13' title="bbox 209 1536 1080 1614; baseline 0.002 -18"><span class='ocrx_word' id='word_1_91' title='bbox 209 1540 343 1614; x_wconf 71' lang='lat' dir='ltr'><strong>gistratum</strong></span> <span class='ocrx_word' id='word_1_92' title='bbox 367 1539 483 1597; x_wconf 80' lang='lat' dir='ltr'><strong>Siculus</strong></span> <span class='ocrx_word' id='word_1_93' title='bbox 503 1542 616 1596; x_wconf 71' lang='lat' dir='ltr'><strong>mutum</strong></span> <span class='ocrx_word' id='word_1_94' title='bbox 629 1536 775 1610; x_wconf 79' lang='lat' dir='ltr'><strong>exigebat,</strong></span> <span class='ocrx_word' id='word_1_95' title='bbox 793 1542 931 1612; x_wconf 85' lang='lat' dir='ltr'><strong>quantam</strong></span> <span class='ocrx_word' id='word_1_96' title='bbox 945 1539 1080 1598; x_wconf 73' lang='lat' dir='ltr'><strong>decuma·</strong></span> 
     </span>
    </p>

    <p class='ocr_par' dir='ltr' id='par_1_8' title="bbox 209 1635 1081 1708">
     <span class='ocr_line' id='line_1_14' title="bbox 209 1635 1081 1708; baseline 0.001 -13"><span class='ocrx_word' id='word_1_97' title='bbox 209 1655 263 1695; x_wconf 87' lang='lat' dir='ltr'><strong>nus</strong></span> <span class='ocrx_word' id='word_1_98' title='bbox 277 1637 426 1695; x_wconf 77' lang='lat' dir='ltr'><strong>ediderat:</strong></span> <span class='ocrx_word' id='word_1_99' title='bbox 446 1652 504 1694; x_wconf 87' lang='lat' dir='ltr'><strong>nee</strong></span> <span class='ocrx_word' id='word_1_100' title='bbox 523 1635 696 1694; x_wconf 83' lang='lat' dir='ltr'><strong>benetioiuau</strong></span> <span class='ocrx_word' id='word_1_101' title='bbox 711 1637 862 1708; x_wconf 75' lang='lat' dir='ltr'><strong>petebatur</strong></span> <span class='ocrx_word' id='word_1_102' title='bbox 876 1653 895 1694; x_wconf 85' lang='lat' dir='ltr'><strong>a</strong></span> <span class='ocrx_word' id='word_1_103' title='bbox 907 1637 1081 1708; x_wconf 78' lang='lat' dir='ltr'><strong>decumano.</strong></span> 
     </span>
    </p>

    <p class='ocr_par' dir='ltr' id='par_1_9' title="bbox 208 1733 1077 1810">
     <span class='ocr_line' id='line_1_15' title="bbox 208 1733 1077 1810; baseline 0 -16"><span class='ocrx_word' id='word_1_104' title='bbox 208 1741 242 1794; x_wconf 93' lang='lat' dir='ltr'><strong>ut</strong></span> <span class='ocrx_word' id='word_1_105' title='bbox 254 1736 286 1794; x_wconf 89' lang='lat' dir='ltr'><strong>in</strong></span> <span class='ocrx_word' id='word_1_106' title='bbox 293 1737 397 1810; x_wconf 74' lang='lat' dir='ltr'><strong>Jugera</strong></span> <span class='ocrx_word' id='word_1_107' title='bbox 410 1735 525 1808; x_wconf 77' lang='lat' dir='ltr'><strong>singula</strong></span> <span class='ocrx_word' id='word_1_108' title='bbox 538 1733 628 1792; x_wconf 83' lang='lat' dir='ltr'><strong>ternis</strong></span> <span class='ocrx_word' id='word_1_109' title='bbox 642 1733 796 1792; x_wconf 74' lang='lat' dir='ltr'><strong>medimnis</strong></span> <span class='ocrx_word' id='word_1_110' title='bbox 807 1733 944 1792; x_wconf 79' lang='lat' dir='ltr'><strong>dedidere</strong></span> <span class='ocrx_word' id='word_1_111' title='bbox 957 1735 1077 1794; x_wconf 74' lang='lat' dir='ltr'><strong>liceret:</strong></span> 
     </span>
    </p>

    <p class='ocr_par' dir='ltr' id='par_1_10' title="bbox 209 1833 1080 1906">
     <span class='ocr_line' id='line_1_16' title="bbox 209 1833 1080 1906; baseline -0.002 -12"><span class='ocrx_word' id='word_1_112' title='bbox 209 1853 265 1894; x_wconf 87' lang='lat' dir='ltr'><strong>neo</strong></span> <span class='ocrx_word' id='word_1_113' title='bbox 293 1851 442 1896; x_wconf 83' lang='lat' dir='ltr'><strong>nemorum</strong></span> <span class='ocrx_word' id='word_1_114' title='bbox 470 1833 669 1892; x_wconf 84' lang='lat' dir='ltr'><strong>aooeseionem</strong></span> <span class='ocrx_word' id='word_1_115' title='bbox 694 1833 851 1906; x_wconf 75' lang='lat' dir='ltr'><strong>cogebatur</strong></span> <span class='ocrx_word' id='word_1_116' title='bbox 877 1838 973 1894; x_wconf 81' lang='lat' dir='ltr'><strong>arator</strong></span> <span class='ocrx_word' id='word_1_117' title='bbox 999 1835 1080 1903; x_wconf 85' lang='lat' dir='ltr'><strong>dare,</strong></span> 
     </span>
    </p>

    <p class='ocr_par' dir='ltr' id='par_1_11' title="bbox 206 1929 1079 2106">
     <span class='ocr_line' id='line_1_17' title="bbox 206 1929 1079 2006; baseline 0 -13"><span class='ocrx_word' id='word_1_118' title='bbox 206 1951 263 1996; x_wconf 83' lang='lat' dir='ltr'><strong>neo</strong></span> <span class='ocrx_word' id='word_1_119' title='bbox 275 1939 370 1992; x_wconf 85' lang='lat' dir='ltr'><strong>ternas</strong></span> <span class='ocrx_word' id='word_1_120' title='bbox 381 1931 632 2006; x_wconf 80' lang='lat' dir='ltr'><strong>quinquagesimas</strong></span> <span class='ocrx_word' id='word_1_121' title='bbox 646 1929 782 1987; x_wconf 81' lang='lat' dir='ltr'><strong>trementi</strong></span> <span class='ocrx_word' id='word_1_122' title='bbox 794 1931 900 1990; x_wconf 86' lang='lat' dir='ltr'><strong>addere</strong></span> <span class='ocrx_word' id='word_1_123' title='bbox 912 1951 919 1987; x_wconf 74' lang='grc' dir='ltr'><strong>ε</strong></span> <span class='ocrx_word' id='word_1_124' title='bbox 940 1935 1079 1994; x_wconf 83' lang='lat' dir='ltr'><strong>ettamen</strong></span> 
     </span>
     <span class='ocr_line' id='line_1_18' title="bbox 207 2027 1078 2106; baseline 0.005 -19"><span class='ocrx_word' id='word_1_125' title='bbox 207 2033 313 2106; x_wconf 83' lang='lat' dir='ltr'><strong>populo</strong></span> <span class='ocrx_word' id='word_1_126' title='bbox 327 2031 459 2087; x_wconf 84' lang='lat' dir='ltr'><strong>Romano</strong></span> <span class='ocrx_word' id='word_1_127' title='bbox 469 2045 590 2101; x_wconf 78' lang='lat' dir='ltr'><strong>magnus</strong></span> <span class='ocrx_word' id='word_1_128' title='bbox 601 2027 737 2088; x_wconf 79' lang='lat' dir='ltr'><strong>frumeuti</strong></span> <span class='ocrx_word' id='word_1_129' title='bbox 750 2046 886 2088; x_wconf 68' lang='lat' dir='ltr'><strong>numerus</strong></span> <span class='ocrx_word' id='word_1_130' title='bbox 900 2029 1078 2090; x_wconf 73' lang='lat' dir='ltr'><strong>mittebatur.</strong></span> 
     </span>
    </p>

    <p class='ocr_par' dir='ltr' id='par_1_12' title="bbox 114 2115 1080 2588">
     <span class='ocr_line' id='line_1_19' title="bbox 114 2115 1080 2202; baseline 0.001 -17"><span class='ocrx_word' id='word_1_131' title='bbox 114 2129 120 2138; x_wconf 86' lang='lat'><em>&#39;</em></span> <span class='ocrx_word' id='word_1_132' title='bbox 155 2115 196 2173; x_wconf 76' lang='lat'><strong>5⁰</strong></span> <span class='ocrx_word' id='word_1_133' title='bbox 208 2127 288 2200; x_wconf 79' lang='lat' dir='ltr'><strong>Quid</strong></span> <span class='ocrx_word' id='word_1_134' title='bbox 302 2145 371 2185; x_wconf 85' lang='lat' dir='ltr'><strong>vera</strong></span> <span class='ocrx_word' id='word_1_135' title='bbox 389 2127 462 2185; x_wconf 83' lang='lat' dir='ltr'><strong>istae</strong></span> <span class='ocrx_word' id='word_1_136' title='bbox 486 2126 543 2184; x_wconf 85' lang='lat' dir='ltr'><strong>eibi</strong></span> <span class='ocrx_word' id='word_1_137' title='bbox 569 2125 832 2200; x_wconf 79' lang='lat' dir='ltr'><strong>quinquagesimae,</strong></span> <span class='ocrx_word' id='word_1_138' title='bbox 846 2126 916 2202; x_wconf 89' lang='lat' dir='ltr'><strong>quid</strong></span> <span class='ocrx_word' id='word_1_139' title='bbox 929 2142 1012 2201; x_wconf 77' lang='lat' dir='ltr'><strong>porro</strong></span> <span class='ocrx_word' id='word_1_140' title='bbox 1026 2145 1080 2190; x_wconf 68' lang='lat' dir='ltr'><strong>nu</strong></span> 
     </span>
     <span class='ocr_line' id='line_1_20' title="bbox 206 2221 1080 2301; baseline 0 -17"><span class='ocrx_word' id='word_1_141' title='bbox 206 2243 317 2284; x_wconf 83' lang='lat' dir='ltr'><strong>morum</strong></span> <span class='ocrx_word' id='word_1_142' title='bbox 331 2225 512 2285; x_wconf 81' lang='lat' dir='ltr'><strong>aoeessiouea</strong></span> <span class='ocrx_word' id='word_1_143' title='bbox 522 2221 648 2284; x_wconf 86' lang='lat' dir='ltr'><strong>volunt?</strong></span> <span class='ocrx_word' id='word_1_144' title='bbox 668 2241 724 2300; x_wconf 86' lang='lat' dir='ltr'><strong>quo</strong></span> <span class='ocrx_word' id='word_1_145' title='bbox 736 2222 851 2298; x_wconf 82' lang='lat' dir='ltr'><strong>idjure,</strong></span> <span class='ocrx_word' id='word_1_146' title='bbox 863 2224 883 2258; x_wconf 82' lang='lat'><strong>¹⁵</strong></span> <span class='ocrx_word' id='word_1_147' title='bbox 894 2230 980 2301; x_wconf 84' lang='lat' dir='ltr'><strong>atque</strong></span> <span class='ocrx_word' id='word_1_148' title='bbox 994 2228 1080 2297; x_wconf 84' lang='lat' dir='ltr'><strong>adeo,</strong></span> 
     </span>
     <span class='ocr_line' id='line_1_21' title="bbox 206 2320 1078 2404; baseline -0.002 -20"><span class='ocrx_word' id='word_1_149' title='bbox 206 2325 303 2402; x_wconf 87' lang='lat' dir='ltr'><strong>quaid</strong></span> <span class='ocrx_word' id='word_1_150' title='bbox 318 2321 438 2404; x_wconf 78' lang='lat' dir='ltr'><strong>[potius]</strong></span> <span class='ocrx_word' id='word_1_151' title='bbox 460 2342 539 2382; x_wconf 87' lang='lat' dir='ltr'><strong>more</strong></span> <span class='ocrx_word' id='word_1_152' title='bbox 559 2320 675 2382; x_wconf 78' lang='lat' dir='ltr'><strong>iecisti?</strong></span> <span class='ocrx_word' id='word_1_153' title='bbox 706 2324 847 2386; x_wconf 79' lang='lat' dir='ltr'><strong>Nummos</strong></span> <span class='ocrx_word' id='word_1_154' title='bbox 871 2325 959 2384; x_wconf 80' lang='lat' dir='ltr'><strong>dabat</strong></span> <span class='ocrx_word' id='word_1_155' title='bbox 972 2331 1078 2386; x_wconf 73' lang='lat' dir='ltr'><strong>mator.</strong></span> 
     </span>
     <span class='ocr_line' id='line_1_22' title="bbox 206 2420 1078 2502; baseline -0.001 -18"><span class='ocrx_word' id='word_1_156' title='bbox 206 2421 370 2502; x_wconf 72' lang='lat' dir='ltr'><strong>quomodo?</strong></span> <span class='ocrx_word' id='word_1_157' title='bbox 390 2429 440 2482; x_wconf 81' lang='lat' dir='ltr'><strong>eut</strong></span> <span class='ocrx_word' id='word_1_158' title='bbox 453 2420 554 2480; x_wconf 87' lang='lat' dir='ltr'><strong>unde?</strong></span> <span class='ocrx_word' id='word_1_159' title='bbox 574 2421 632 2497; x_wconf 87' lang='lat' dir='ltr'><strong>qui,</strong></span> <span class='ocrx_word' id='word_1_160' title='bbox 646 2421 671 2480; x_wconf 85' lang='lat' dir='ltr'><strong>si</strong></span> <span class='ocrx_word' id='word_1_161' title='bbox 694 2423 870 2496; x_wconf 80' lang='lat' dir='ltr'><strong>largissimus</strong></span> <span class='ocrx_word' id='word_1_162' title='bbox 894 2441 958 2482; x_wconf 85' lang='lat' dir='ltr'><strong>esse</strong></span> <span class='ocrx_word' id='word_1_163' title='bbox 973 2425 1078 2494; x_wconf 85' lang='lat' dir='ltr'><strong>vellet.</strong></span> 
     </span>
     <span class='ocr_line' id='line_1_23' title="bbox 206 2522 1079 2588; baseline -0.002 -6"><span class='ocrx_word' id='word_1_164' title='bbox 206 2524 396 2584; x_wconf 79' lang='lat' dir='ltr'><strong>cumulatiore</strong></span> <span class='ocrx_word' id='word_1_165' title='bbox 407 2539 540 2582; x_wconf 85' lang='lat' dir='ltr'><strong>measure</strong></span> <span class='ocrx_word' id='word_1_166' title='bbox 550 2525 685 2588; x_wconf 86' lang='lat' dir='ltr'><strong>uteretur,</strong></span> <span class='ocrx_word' id='word_1_167' title='bbox 698 2524 730 2578; x_wconf 88' lang='lat' dir='ltr'><strong>ut</strong></span> <span class='ocrx_word' id='word_1_168' title='bbox 740 2525 827 2578; x_wconf 87' lang='lat' dir='ltr'><strong>antea</strong></span> <span class='ocrx_word' id='word_1_169' title='bbox 840 2522 972 2580; x_wconf 85' lang='lat' dir='ltr'><strong>solebant</strong></span> <span class='ocrx_word' id='word_1_170' title='bbox 980 2523 1079 2580; x_wconf 80' lang='lat' dir='ltr'><strong>faeere</strong></span> 
     </span>
    </p>

    <p class='ocr_par' dir='ltr' id='par_1_13' title="bbox 205 2617 1078 2696">
     <span class='ocr_line' id='line_1_24' title="bbox 205 2617 1078 2696; baseline -0.002 -16"><span class='ocrx_word' id='word_1_171' title='bbox 205 2625 236 2681; x_wconf 85' lang='lat' dir='ltr'><strong>in</strong></span> <span class='ocrx_word' id='word_1_172' title='bbox 255 2621 476 2690; x_wconf 73' lang='lat' dir='ltr'><strong>deseruissem</strong></span> <span class='ocrx_word' id='word_1_173' title='bbox 496 2638 588 2696; x_wconf 87' lang='lat' dir='ltr'><strong>aequa</strong></span> <span class='ocrx_word' id='word_1_174' title='bbox 612 2622 676 2694; x_wconf 81' lang='lat' dir='ltr'><strong>lege</strong></span> <span class='ocrx_word' id='word_1_175' title='bbox 695 2623 725 2676; x_wconf 89' lang='lat' dir='ltr'><strong>et</strong></span> <span class='ocrx_word' id='word_1_176' title='bbox 738 2617 907 2678; x_wconf 81' lang='lat' dir='ltr'><strong>conditione</strong></span> <span class='ocrx_word' id='word_1_177' title='bbox 924 2618 1078 2680; x_wconf 79' lang='lat' dir='ltr'><strong>venibant.</strong></span> 
     </span>
    </p>

    <p class='ocr_par' dir='ltr' id='par_1_14' title="bbox 204 2714 1079 2892">
     <span class='ocr_line' id='line_1_25' title="bbox 205 2714 1079 2790; baseline 0 -12"><span class='ocrx_word' id='word_1_178' title='bbox 205 2723 235 2778; x_wconf 85' lang='lat' dir='ltr'><strong>le</strong></span> <span class='ocrx_word' id='word_1_179' title='bbox 249 2738 366 2780; x_wconf 87' lang='lat' dir='ltr'><strong>numum</strong></span> <span class='ocrx_word' id='word_1_180' title='bbox 391 2721 486 2777; x_wconf 86' lang='lat' dir='ltr'><strong>debet.</strong></span> <span class='ocrx_word' id='word_1_181' title='bbox 535 2716 645 2777; x_wconf 86' lang='lat' dir='ltr'><strong>Undel</strong></span> <span class='ocrx_word' id='word_1_182' title='bbox 665 2717 702 2774; x_wconf 89' lang='lat' dir='ltr'><strong>de</strong></span> <span class='ocrx_word' id='word_1_183' title='bbox 721 2714 895 2775; x_wconf 78' lang='lat' dir='ltr'><strong>frumento?</strong></span> <span class='ocrx_word' id='word_1_184' title='bbox 923 2717 1005 2790; x_wconf 88' lang='lat' dir='ltr'><strong>quasi</strong></span> <span class='ocrx_word' id='word_1_185' title='bbox 1027 2719 1079 2778; x_wconf 82' lang='lat' dir='ltr'><strong>hu·</strong></span> 
     </span>
     <span class='ocr_line' id='line_1_26' title="bbox 204 2814 1079 2892; baseline 0 -16"><span class='ocrx_word' id='word_1_186' title='bbox 204 2818 322 2887; x_wconf 80' lang='lat' dir='ltr'><strong>buissel,</strong></span> <span class='ocrx_word' id='word_1_187' title='bbox 336 2825 366 2876; x_wconf 92' lang='lat' dir='ltr'><strong>te</strong></span> <span class='ocrx_word' id='word_1_188' title='bbox 380 2823 522 2892; x_wconf 85' lang='lat' dir='ltr'><strong>praetore,</strong></span> <span class='ocrx_word' id='word_1_189' title='bbox 535 2818 611 2892; x_wconf 92' lang='lat' dir='ltr'><strong>quod</strong></span> <span class='ocrx_word' id='word_1_190' title='bbox 630 2815 780 2873; x_wconf 83' lang='lat' dir='ltr'><strong>venderet.</strong></span> <span class='ocrx_word' id='word_1_191' title='bbox 823 2816 871 2872; x_wconf 84' lang='lat' dir='ltr'><strong>De</strong></span> <span class='ocrx_word' id='word_1_192' title='bbox 890 2814 964 2872; x_wconf 80' lang='lat' dir='ltr'><strong>vivo</strong></span> <span class='ocrx_word' id='word_1_193' title='bbox 987 2815 1079 2890; x_wconf 78' lang='lat' dir='ltr'><strong>igitur</strong></span> 
     </span>
    </p>

    <p class='ocr_par' dir='ltr' id='par_1_15' title="bbox 88 2965 1080 3204">
     <span class='ocr_line' id='line_1_27' title="bbox 88 2965 1080 3096; baseline 0.002 -22"><span class='ocrx_word' id='word_1_194' title='bbox 88 3008 90 3013; x_wconf 20' lang='grc' dir='ltr'>ψ</span> <span class='ocrx_word' id='word_1_195' title='bbox 204 2965 1080 3096; x_wconf 50' lang='lat' dir='ltr'><strong>...tuost-ideoideo?istuttitubatque:</strong></span> 
     </span>
     <span class='ocr_line' id='line_1_28' title="bbox 203 3082 1079 3204; baseline -0.002 -12"><span class='ocrx_word' id='word_1_196' title='bbox 203 3082 1079 3204; x_wconf 57' lang='lat' dir='ltr'><strong>ludibili?⁰.ttlttllttrttb&#39;blbltillidii</strong></span> 
     </span>
    </p>
   </div>
   <div class='ocr_carea' id='block_1_3' title="bbox 201 3203 1080 3654">
    <p class='ocr_par' dir='ltr' id='par_1_16' title="bbox 202 3203 323 3253">
     <span class='ocr_line' id='line_1_29' title="bbox 202 3203 323 3253; baseline 0.008 -1"><span class='ocrx_word' id='word_1_197' title='bbox 202 3203 323 3253; x_wconf 69' lang='lat' dir='ltr'><strong>vendidit?</strong></span> 
     </span>
    </p>

    <p class='ocr_par' dir='ltr' id='par_1_17' title="bbox 201 3277 1080 3654">
     <span class='ocr_line' id='line_1_30' title="bbox 231 3277 1080 3346; baseline 0.001 -17"><span class='ocrx_word' id='word_1_198' title='bbox 231 3288 254 3320; x_wconf 81' lang='lat'><strong>¹⁵</strong></span> <span class='ocrx_word' id='word_1_199' title='bbox 267 3292 330 3346; x_wconf 67' lang='lat' dir='ltr'><strong>supas</strong></span> <span class='ocrx_word' id='word_1_200' title='bbox 337 3283 397 3338; x_wconf 80' lang='lat' dir='ltr'><strong>adeo,</strong></span> <span class='ocrx_word' id='word_1_201' title='bbox 408 3295 449 3340; x_wconf 81' lang='lat' dir='ltr'><strong>quo</strong></span> <span class='ocrx_word' id='word_1_202' title='bbox 458 3277 484 3326; x_wconf 75' lang='lat' dir='ltr'><strong>td</strong></span> <span class='ocrx_word' id='word_1_203' title='bbox 490 3280 563 3336; x_wconf 73' lang='lat' dir='ltr'><strong>uotiua</strong></span> <span class='ocrx_word' id='word_1_204' title='bbox 571 3281 706 3341; x_wconf 64' lang='lat' dir='ltr'><strong>eraserim]</strong></span> <span class='ocrx_word' id='word_1_205' title='bbox 737 3281 845 3328; x_wconf 79' lang='lat' dir='ltr'><strong>Graevius</strong></span> <span class='ocrx_word' id='word_1_206' title='bbox 854 3296 867 3327; x_wconf 87' lang='lat' dir='ltr'><strong>e</strong></span> <span class='ocrx_word' id='word_1_207' title='bbox 877 3281 925 3330; x_wconf 85' lang='lat' dir='ltr'><strong>Me.</strong></span> <span class='ocrx_word' id='word_1_208' title='bbox 935 3277 1080 3330; x_wconf 68' lang='lat' dir='ltr'><strong>Frena-ua</strong></span> 
     </span>
     <span class='ocr_line' id='line_1_31' title="bbox 202 3339 1079 3400; baseline 0 -12"><span class='ocrx_word' id='word_1_209' title='bbox 202 3350 243 3394; x_wconf 75' lang='lat' dir='ltr'><strong>dat</strong></span> <span class='ocrx_word' id='word_1_210' title='bbox 261 3361 327 3392; x_wconf 76' lang='lat' dir='ltr'><strong>mara.</strong></span> <span class='ocrx_word' id='word_1_211' title='bbox 358 3341 455 3397; x_wconf 71' lang='lat' dir='ltr'><strong>Athaee</strong></span> <span class='ocrx_word' id='word_1_212' title='bbox 464 3345 498 3385; x_wconf 85' lang='lat' dir='ltr'><strong>est</strong></span> <span class='ocrx_word' id='word_1_213' title='bbox 507 3339 574 3386; x_wconf 86' lang='lat' dir='ltr'><strong>leetio</strong></span> <span class='ocrx_word' id='word_1_214' title='bbox 581 3341 633 3386; x_wconf 85' lang='lat' dir='ltr'><strong>edd.</strong></span> <span class='ocrx_word' id='word_1_215' title='bbox 644 3354 678 3400; x_wconf 78' lang='lat' dir='ltr'><strong>pu</strong></span> <span class='ocrx_word' id='word_1_216' title='bbox 709 3340 799 3386; x_wconf 80' lang='lat' dir='ltr'><strong>Oreest</strong></span> <span class='ocrx_word' id='word_1_217' title='bbox 808 3341 838 3388; x_wconf 84' lang='lat' dir='ltr'><strong>ab</strong></span> <span class='ocrx_word' id='word_1_218' title='bbox 847 3342 917 3398; x_wconf 80' lang='lat' dir='ltr'><strong>Aldu,</strong></span> <span class='ocrx_word' id='word_1_219' title='bbox 933 3341 993 3386; x_wconf 90' lang='lat' dir='ltr'><strong>unde</strong></span> <span class='ocrx_word' id='word_1_220' title='bbox 1000 3341 1079 3388; x_wconf 67' lang='lat' dir='ltr'><strong>adca</strong></span> 
     </span>
     <span class='ocr_line' id='line_1_32' title="bbox 202 3397 1076 3458; baseline -0.01 -4"><span class='ocrx_word' id='word_1_221' title='bbox 202 3414 262 3454; x_wconf 82' lang='lat' dir='ltr'><strong>teras</strong></span> <span class='ocrx_word' id='word_1_222' title='bbox 272 3405 322 3451; x_wconf 90' lang='lat' dir='ltr'><strong>edd.</strong></span> <span class='ocrx_word' id='word_1_223' title='bbox 334 3399 403 3448; x_wconf 79' lang='lat' dir='ltr'><strong>fluuit.</strong></span> <span class='ocrx_word' id='word_1_224' title='bbox 425 3397 487 3444; x_wconf 84' lang='lat' dir='ltr'><strong>Mihi</strong></span> <span class='ocrx_word' id='word_1_225' title='bbox 498 3413 643 3444; x_wconf 74' lang='lat' dir='ltr'><strong>moravorum</strong></span> <span class='ocrx_word' id='word_1_226' title='bbox 654 3397 747 3443; x_wconf 88' lang='lat' dir='ltr'><strong>videtur.</strong></span> <span class='ocrx_word' id='word_1_227' title='bbox 778 3397 801 3442; x_wconf 89' lang='lat' dir='ltr'>N</span> <span class='ocrx_word' id='word_1_228' title='bbox 804 3413 839 3442; x_wconf 87' lang='lat' dir='ltr'><strong>arn</strong></span> <span class='ocrx_word' id='word_1_229' title='bbox 849 3398 871 3444; x_wconf 88' lang='lat' dir='ltr'><strong>in</strong></span> <span class='ocrx_word' id='word_1_230' title='bbox 882 3402 924 3446; x_wconf 84' lang='lat' dir='ltr'><strong>fine</strong></span> <span class='ocrx_word' id='word_1_231' title='bbox 934 3399 999 3455; x_wconf 80' lang='lat' dir='ltr'><strong>hujus</strong></span> <span class='ocrx_word' id='word_1_232' title='bbox 1009 3415 1076 3458; x_wconf 72' lang='lat' dir='ltr'><strong>argu·</strong></span> 
     </span>
     <span class='ocr_line' id='line_1_33' title="bbox 202 3456 1077 3527; baseline -0.015 -16"><span class='ocrx_word' id='word_1_233' title='bbox 202 3462 343 3514; x_wconf 83' lang='lat' dir='ltr'><strong>mentationie</strong></span> <span class='ocrx_word' id='word_1_234' title='bbox 359 3456 441 3519; x_wconf 84' lang='lat' dir='ltr'><strong>repetit</strong></span> <span class='ocrx_word' id='word_1_235' title='bbox 458 3457 602 3506; x_wconf 81' lang='lat' dir='ltr'><strong>sententiam:</strong></span> <span class='ocrx_word' id='word_1_236' title='bbox 617 3457 656 3502; x_wconf 82' lang='lat' dir='ltr'><strong>bec</strong></span> <span class='ocrx_word' id='word_1_237' title='bbox 671 3469 740 3515; x_wconf 68' lang='lat' dir='ltr'><strong>uque</strong></span> <span class='ocrx_word' id='word_1_238' title='bbox 749 3456 846 3511; x_wconf 66' lang='lat' dir='ltr'><strong>samaa</strong></span> <span class='ocrx_word' id='word_1_239' title='bbox 856 3458 894 3514; x_wconf 79' lang='lat' dir='ltr'><strong>crq‘</strong></span> <span class='ocrx_word' id='word_1_240' title='bbox 1004 3472 1077 3527; x_wconf 58' lang='lat' dir='ltr'><strong>new</strong></span> 
     </span>
     <span class='ocr_line' id='line_1_34' title="bbox 201 3513 1076 3582; baseline -0.013 -12"><span class='ocrx_word' id='word_1_241' title='bbox 201 3527 250 3574; x_wconf 81' lang='lat' dir='ltr'><strong>ulla</strong></span> <span class='ocrx_word' id='word_1_242' title='bbox 262 3519 396 3582; x_wconf 73' lang='lat' dir='ltr'><strong>jureseca&#39;t.</strong></span> <span class='ocrx_word' id='word_1_243' title='bbox 428 3516 453 3563; x_wconf 87' lang='lat' dir='ltr'><strong>ln</strong></span> <span class='ocrx_word' id='word_1_244' title='bbox 470 3516 572 3577; x_wconf 84' lang='lat' dir='ltr'><strong>exemplo</strong></span> <span class='ocrx_word' id='word_1_245' title='bbox 581 3519 615 3562; x_wconf 87' lang='lat' dir='ltr'><strong>est</strong></span> <span class='ocrx_word' id='word_1_246' title='bbox 624 3529 678 3561; x_wconf 81' lang='lat' dir='ltr'><strong>mos.</strong></span> <span class='ocrx_word' id='word_1_247' title='bbox 708 3513 814 3560; x_wconf 84' lang='lat' dir='ltr'><strong>Ceterum</strong></span> <span class='ocrx_word' id='word_1_248' title='bbox 823 3513 892 3560; x_wconf 83' lang='lat' dir='ltr'><strong>etiarn</strong></span> <span class='ocrx_word' id='word_1_249' title='bbox 933 3517 1076 3572; x_wconf 73' lang='lat' dir='ltr'><strong>eoetpotrus</strong></span> 
     </span>
     <span class='ocr_line' id='line_1_35' title="bbox 201 3581 994 3654; baseline -0.023 -15"><span class='ocrx_word' id='word_1_250' title='bbox 201 3595 282 3654; x_wconf 73' lang='lat' dir='ltr'><strong>frigent</strong></span> <span class='ocrx_word' id='word_1_251' title='bbox 291 3588 421 3649; x_wconf 74' lang='lat' dir='ltr'><strong>tautologia.</strong></span> <span class='ocrx_word' id='word_1_252' title='bbox 451 3586 531 3635; x_wconf 82' lang='lat' dir='ltr'><strong>Pottru</strong></span> <span class='ocrx_word' id='word_1_253' title='bbox 540 3583 658 3646; x_wconf 85' lang='lat' dir='ltr'><strong>delendum</strong></span> <span class='ocrx_word' id='word_1_254' title='bbox 667 3581 755 3632; x_wconf 85' lang='lat' dir='ltr'><strong>videtur</strong></span> <span class='ocrx_word' id='word_1_255' title='bbox 763 3585 789 3629; x_wconf 88' lang='lat' dir='ltr'><strong>ut</strong></span> <span class='ocrx_word' id='word_1_256' title='bbox 803 3581 876 3641; x_wconf 84' lang='lat' dir='ltr'><strong>glossa</strong></span> <span class='ocrx_word' id='word_1_257' title='bbox 885 3593 924 3624; x_wconf 77' lang='lat' dir='ltr'><strong>ree</strong></span> <span class='ocrx_word' id='word_1_258' title='bbox 934 3583 994 3631; x_wconf 68' lang='lat' dir='ltr'><strong>aare,</strong></span> 
     </span>
    </p>
   </div>
   <div class='ocr_carea' id='block_1_4' title="bbox 0 0 1224 4206">
    <p class='ocr_par' dir='ltr' id='par_1_18' title="bbox 0 0 1224 4206">
     <span class='ocr_line' id='line_1_36' title="bbox 0 0 1224 4206; baseline 0 2"><span class='ocrx_word' id='word_1_259' title='bbox 0 0 1224 4206; x_wconf 95' lang='lat' dir='ltr'><strong> </strong></span> 
     </span>
    </p>
   </div>
  </div>
 </body>
</html>
