2438 4206
369 329 441 390 icr.
459 337 489 388 n.
505 335 604 388 mnan
618 335 770 392 rrnrros.
973 347 1014 412 it

143 488 198 545 bor
211 485 311 561 populi
323 486 458 555 Romani,
472 488 503 546 in
517 487 589 561 ipsis
602 487 742 547 iruotibus
754 488 927 576 provinciae
942 491 1018 552 Sici·

144 585 215 652 iiae,
228 586 328 654 iurem,
342 587 494 646 manifesto
505 585 527 619 ³⁵
537 593 721 646 avertentem
731 607 793 648 rem
802 590 1018 652 frumentariam

142 699 268 752 omnem,
291 687 445 759 pecuniam
459 686 633 745 maximam:
657 691 754 757 teneo,
774 687 902 765 inquam,
919 689 971 760 iia,
984 695 1018 750 at

142 800 249 858 negare
262 802 321 843 non
335 785 435 859 possit
450 803 520 844 nam
535 787 603 862 quid
617 787 668 844 hic
681 785 782 848 diceti
802 789 928 863 Sponsio
939 790 1018 850 iacta

140 887 185 940 cot
197 895 268 943 cunr
276 885 429 959 cognitore
449 890 501 944 tuo
515 885 648 960 Apronio
667 888 705 944 de
719 887 840 946 fortunis
857 889 914 946 tuis
927 889 1019 948 omni·

140 981 204 1049 bus,
216 980 238 1014 ³⁸
248 983 281 1040 ni
288 985 401 1042 socium
409 989 440 1042 te
448 984 507 1042 sibi
519 986 551 1042 in
559 987 690 1046 decumis
699 1005 764 1044 ease
773 986 931 1046 dictitaret.
958 988 1019 1046 iix·

145 1085 284 1153 aperiant
293 1097 405 1148 omnes,
417 1087 542 1155 quantae
556 1084 609 1140 tibi
623 1103 658 1142 es
671 1103 718 1144 rea
729 1103 816 1144 curae
824 1086 872 1154 ait,
882 1087 1018 1162 quemad-

147 1179 267 1236 modum
280 1178 429 1236 hominum
444 1180 654 1238 existimationi
668 1189 698 1240 te
716 1190 802 1258 atque
814 1185 1017 1245 innocentiam

147 1278 227 1332 trram
236 1275 348 1349 probari
358 1275 442 1335 veiis.
471 1277 531 1334 iiic
546 1283 576 1336 tu
584 1279 737 1348 medicum,
744 1286 775 1337 et
783 1283 975 1358 harispicem,
985 1289 1017 1344 et

142 1389 317 1448 praeconem
333 1380 423 1444 tuum,
438 1381 652 1448 recuperatores
665 1377 756 1444 dabir,
769 1379 917 1438 autetiam
934 1383 1018 1442 itinn

141 1473 247 1545 ipsum,
255 1491 340 1549 quem
350 1480 382 1532 tu
390 1473 422 1532 in
431 1475 552 1532 cohorte
560 1475 1017 1554 mevaniarumjmicenhrpe·

140 1571 202 1640 bas,
212 1572 302 1648 siqua
310 1589 356 1630 res
365 1573 552 1648 majoreeset,
562 1573 709 1648 Papirium
717 1575 917 1648 Potamonem,
926 1580 1017 1638 homi·

141 1687 421 1739 nem,severum,ex
431 1677 531 1730 vetere
541 1672 594 1730 ilia
605 1673 731 1747 equestri
738 1673 910 1750 disciplina?
924 1679 1016 1740 Scan·

140 1767 230 1826 (lilius
243 1772 389 1842 postulare
402 1771 440 1828 de
453 1774 604 1828 conventu
616 1777 840 1845 recuperatores.
868 1777 949 1834 'l'um
958 1779 1015 1836 iste

142 1871 235 1941 negat
261 1885 294 1924 se
320 1868 359 1925 de
382 1867 601 1926 existimatione
626 1885 679 1925 sua
698 1869 843 1944 cuiquam,
865 1871 924 1930 nini
947 1874 1017 1944 siris,

142 1966 373 2024 commissurum.
413 1967 444 2022 N
445 1967 620 2041 egotiatores
645 1971 748 2040 putant
774 1985 839 2027 esse
865 1973 957 2046 turpe,
982 1971 1014 2033 id

139 2065 231 2124 ionum
244 2065 302 2124 eibi
314 2065 446 2140 iniquum
459 2066 580 2138 ejurare
596 2065 646 2122 ubi
659 2067 851 2142 negotientur.
892 2069 1014 2131 Praetor

141 2165 326 2240 provinciam
339 2181 423 2223 auam
435 2169 527 2224 totam
536 2165 594 2222 sibi
607 2164 735 2241 iniquam
745 2166 846 2241 ejurat.
880 2168 907 2227 0
920 2170 1012 2245 impu·

140 2264 272 2322 dentiam
285 2263 480 2339 singularemt
501 2263 701 2336 Hicpoatuiat
713 2282 745 2322 se
756 2265 868 2324 Romae
887 2270 1012 2340 absolvi,

138 2459 249 2539 posse?
271 2462 320 2538 qui
333 2465 397 2537 pius
411 2460 561 2520 existimet
574 2463 650 2536 apud
675 2461 849 2522 lectissimos
862 2471 1010 2526 senatorer

139 2562 305 2638 pecuniam,
323 2579 410 2637 quem
422 2563 499 2636 apud
518 2558 540 2594 ³²
550 2567 609 2618 tres
631 2561 824 2636 negotiatores
837 2569 947 2623 metum
959 2583 1010 2624 va·

137 2658 222 2720 iere?
243 2661 410 2719 Scandilius
426 2676 497 2716 vero
512 2663 601 2732 negat
619 2676 684 2715 sese
697 2661 774 2732 apud
794 2661 1011 2722 Artemidorum

137 2766 371 2832 recuperatorem
401 2758 524 2814 verbum
557 2773 621 2812 esse
653 2755 816 2814 iactrrrum:
850 2763 1010 2833 ettamen
1075 2777 1083 2784 ·

138 2855 162 2892 ³⁸
171 2861 259 2932 auget
272 2861 358 2931 atque
377 2860 480 2914 onerat
499 2859 529 2912 te
542 2854 627 2912 bonis
640 2853 863 2926 conditionibus,
883 2857 910 2916 si
923 2863 953 2918 tu
966 2859 1009 2918 uti

170 3023 193 3057 ³⁵
206 3027 339 3071 cmrtcntcrn
352 3019 601 3094 remuneratorium]
630 3020 666 3068 Sic
676 3019 726 3068 edd.
738 3024 793 3069 vett.
803 3025 885 3080 omnes,
896 3025 938 3073 nisi
948 3025 1008 3088 quod

137 3081 165 3130 G.
181 3083 306 3144 Stephanus
327 3097 340 3128 e
357 3081 398 3129 Ms
425 3081 509 3128 Nannir
529 3085 612 3142 reoeprt
626 3086 771 3140 commun,
788 3097 855 3144 quem
872 3090 959 3133 mutia
973 3089 1009 3134 et

136 3141 254 3192 Graevius.
270 3156 314 3190 non
323 3141 387 3199 bene,
397 3145 423 3188 ot
431 3140 517 3202 opinor,
525 3140 607 3186 dicitur
613 3155 661 3186 rem
670 3141 710 3198 fr.
721 3155 829 3188 coenae.

167 3222 191 3254 ³⁸
205 3223 232 3269 ni
241 3222 323 3268 rodum
331 3225 352 3268 te
365 3219 426 3280 stit]
457 3219 494 3266 Sic
509 3219 563 3265 edd.
576 3223 670 3276 veteres,
685 3224 754 3266 recte.
770 3226 839 3280 atque
851 3219 875 3266 id
889 3222 1009 3281 respondet

138 3281 248 3328 formulae
257 3280 384 3342 sponsionis,
394 3293 452 3342 quae
460 3293 526 3339 supra
535 3283 577 3324 est.
587 3292 609 3324 rc
618 3279 660 3324 iiii
666 3293 681 3324 e
689 3278 739 3325 Mc.
749 3278 833 3324 Naunii
842 3283 954 3339 receptum
963 3295 1009 3328 non

139 3339 403 3388 bmeinreoentioribus.
989 3391 994 3402 .

168 3420 192 3453 ³⁷
206 3424 249 3466 tres
256 3419 416 3478 negotiumue]
447 3417 536 3478 Nempe
545 3415 582 3461 iric
591 3419 625 3462 est
637 3414 747 3474 legitimus
756 3427 858 3462 numerus
867 3423 1008 3480 recuperato·

137 3493 195 3526 mm.
234 3481 294 3526 Ante
310 3477 378 3524 etiam
392 3482 438 3523 tres
455 3475 575 3538 aliquoties
594 3479 800 3531 commemorantur,
818 3489 867 3522 urm
886 3491 900 3523 e
914 3479 1008 3525 cohorte

136 3537 312 3592 vererentur,
322 3543 348 3583 ut
355 3536 433 3596 paullo
440 3540 492 3581 anta
501 3535 607 3590 meditatu
618 3533 735 3590 hammer,
743 3547 828 3590 mccc.

166 3615 189 3649 ³⁸
202 3620 338 3676 vitreium
345 3613 439 3674 ποῖά]
465 3613 503 3660 Sic
512 3613 563 3660 edd.
574 3616 661 3658 veteres
671 3626 784 3658 consensu.
796 3613 929 3672 posteriores
938 3627 1007 3682 puec-

137 3669 1006 3734 hnmutmdeidmmmexeaquoddibicrrgmdormjcngrtw,
