2428 4212
116 385 127 398 .
197 345 262 412 2⁰0
532 323 725 386 ruvmnli

197 489 323 552 viem
336 485 473 550 Marcelli
484 487 591 561 populo
603 484 737 541 Romano
748 473 903 552 appetivit,
915 489 1003 550 quam
1014 471 1068 535 lrn¹

196 594 323 656 manitas
337 587 528 666 Syracusanis
541 581 710 644 resonavit
752 579 876 636 Romam
888 591 962 652 qnae
972 591 1070 651 sspor«

197 699 260 754 tatu
278 697 355 761 sunt,
368 691 405 748 ad
419 689 521 746 aedem
542 682 668 743 Honoris
688 681 774 754 atque
790 673 927 742 Virtutis,
940 674 1069 750 itemque

198 793 265 852 aliis
279 793 311 850 iu
324 789 398 849 locis
408 788 551 846 videmus.
572 781 646 840 nihil
657 780 689 837 in
702 777 832 845 aedibus,
843 774 918 832 nihil
931 773 963 831 in
976 773 1071 831 hortis

198 892 304 968 posuit,
325 889 404 948 nihil·
422 887 455 945 in
480 885 661 943 suburbcno:
689 876 814 952 pulavit,
835 875 862 932 si
884 871 961 931 urbis
983 889 1068 931 orna·

199 996 299 1050 ments
325 991 442 1046 domum
468 999 549 1041 snam
568 997 628 1040 uon
652 977 832 1044 contulisset,
851 975 967 1032 domum
984 985 1069 1030 snam

199 1095 369 1148 ornamento
392 1085 454 1144 urbi
478 1083 610 1142 ictuum.
639 1075 792 1152 Syracusis
812 1077 908 1132 autem
927 1073 1070 1147 permulta
1122 1095 1125 1106 =

200 1193 286 1262 atque
306 1184 424 1260 egregia
449 1181 586 1257 reliquit:
607 1179 693 1236 deum
710 1191 782 1233 vero
801 1175 911 1232 nullum
933 1169 1069 1238 violavit,

199 1288 312 1345 nullum
324 1283 430 1358 attigit.
481 1281 620 1340 Conferte
644 1279 786 1336 Verrem:
807 1290 865 1331 unu
879 1269 1069 1329 uthominem

200 1403 269 1445 cnm
285 1385 403 1444 homine
417 1381 602 1456 comparetis,
615 1397 654 1436 ne
672 1375 790 1452 qnatali
811 1372 876 1432 viro
896 1373 1009 1450 mortuno
1021 1369 1071 1425 liat

200 1485 329 1559 injuria:
350 1485 402 1541 sed
412 1487 444 1540 nt
457 1495 560 1554 pacem
574 1496 639 1537 curu
653 1479 740 1547 bello,
750 1478 829 1549 leges
843 1489 910 1530 cum
923 1469 966 1539 vi,
977 1469 1071 1526 forum

203 1587 234 1640 st
253 1581 489 1654 jurisdictionem
508 1596 575 1637 cnm
599 1578 673 1635 ferro
696 1582 727 1633 ct
745 1574 841 1642 armis,
861 1573 1021 1630 adventum
1042 1571 1073 1626 et

150 1683 191 1746 55
203 1680 451 1739 comiatumeum
462 1677 593 1734 exercitu
602 1679 632 1732 et
645 1675 770 1732 victoria
783 1669 946 1732 conferatis.
972 1669 1074 1727 Aedes

204 1778 360 1838 Minervae
374 1777 463 1835 estin
478 1776 587 1843 lusuln,
595 1777 632 1832 de
643 1791 697 1858 qua
711 1779 779 1830 ante
793 1771 874 1829 dixi:
895 1784 981 1844 quam
995 1767 1074 1825 Mar-

203 1881 296 1940 cellus
319 1896 379 1936 uon
397 1875 512 1950 attigit:
533 1880 619 1949 quum
632 1875 748 1946 plenam
761 1876 846 1945 atque
867 1865 1074 1927 omatcmreli·

203 1980 284 2055 quite
305 1995 379 2052 quae
393 1978 430 2032 ab
451 1976 507 2032 isto
520 1975 563 2030 sic
582 1971 705 2045 spoliata
724 1973 809 2046 atque
821 1968 934 2042 direpto
946 1971 1000 2035 est,
1013 1981 1073 2024 nou

204 2079 238 2133 ut
250 2076 288 2131 ab
302 2077 384 2130 hoste
402 2072 507 2145 aliquo,
521 2071 571 2144 qni
583 2075 682 2126 tamen
702 2069 735 2126 in
757 2070 835 2127 bello
847 2067 1020 2142 religionum
1043 2067 1075 2122 et

204 2169 422 2231 consuetudinis
435 2169 503 2242 jura
515 2167 664 2234 retineret,
677 2169 728 2225 sed
743 2171 775 2226 ut
788 2185 806 2224 a
818 2166 946 2224 barbaris
956 2164 1075 2238 praedo·

205 2271 290 2330 nibus
314 2273 424 2327 vexata
445 2285 509 2326 esse
535 2267 678 2325 uideatur.
727 2267 829 2340 Pugna
853 2270 915 2323 erat
934 2263 1074 2338 equestris

207 2368 381 2446 Agathoclis
391 2367 467 2442 regis
480 2365 513 2424 in
526 2367 632 2424 tabulis
645 2366 724 2439 picta
737 2365 903 2439 praeclaret
923 2363 1076 2420 bisantem

207 2469 313 2528 tabulis
326 2467 476 2526 interiores
490 2465 593 2538 templi
606 2464 730 2538 parietes
741 2462 948 2522 vestiebantur.
990 2459 1076 2518 Nihil

207 2573 272 2626 erat
291 2583 327 2624 ec
340 2567 453 2640 pictura
467 2563 608 2622 nobilius:
628 2559 701 2619 nihil
721 2561 883 2635 Syracusis,
896 2561 972 2636 quod
984 2541 1077 2634 ¹ruugis

208 2665 363 2725 cisonium
376 2668 531 2738 putaretur.
572 2659 634 2719 Has
648 2661 759 2718 tabulas
774 2659 817 2716 M.
833 2659 999 2727 Marcellus,
1009 2675 1077 2716 cum

206 2767 315 2833 omnia,
327 2764 380 2822 illa
403 2762 527 2820 victoria
552 2777 614 2828 sun,
627 2759 748 2835 prolana
760 2757 886 2827 lecisset,
899 2763 998 2815 tamen
1012 2757 1078 2815 reli·

207 2865 295 2939 gicne
308 2861 462 2936 impeditus
477 2877 536 2916 ucu
550 2859 646 2934 attigit
660 2879 667 2914 :
688 2858 753 2926 iste,
763 2875 830 2916 cum
843 2859 895 2914 illa
907 2857 980 2932 jam,
993 2871 1078 2930 prop·

207 2967 253 3018 ter
264 2959 426 3016 diuturnam
444 2973 555 3030 pacem,
567 2958 793 3032 fidelitatemque
806 2955 905 3032 populi
919 2957 1078 3031 Syracusa·

207 3055 342 3126 uiscera
351 3055 541 3130 religiosaque
551 3055 722 3128 accepisset,
730 3073 831 3114 omnes
845 3073 894 3114 ecs
907 3057 1020 3113 tabulas
1028 3053 1078 3111 ab·

121 3211 126 3223 ,
207 3157 307 3216 stulit:
328 3153 461 3231 parietes,
476 3169 594 3228 quoruru
604 3159 721 3212 ornatus
735 3159 779 3212 tot
793 3157 908 3214 saecula
921 3157 1078 3220 manserat,

207 3261 252 3314 tot
264 3257 343 3314 bella
362 3255 511 3330 effugerat,
525 3254 616 3311 nudos
628 3269 665 3316 ,ac
683 3253 857 3312 deformatos
871 3253 994 3328 reliquit.
1036 3251 1077 3309 Et

209 3353 376 3422 Marcellus,
388 3354 437 3430 qui
459 3353 486 3411 si
507 3355 667 3428 Syracusas
688 3352 823 3426 cepisset,
842 3353 900 3410 dno
920 3351 1029 3426 templu
1043 3367 1076 3407 se

208 3451 320 3512 Romae
334 3453 532 3511 dedicaturum
546 3457 676 3519 voverat,
689 3452 729 3520 id,
745 3453 822 3526 quod
835 3457 897 3509 erat
910 3449 1076 3508 aedificatu-

208 3569 264 3619 rus,
278 3549 323 3608 his
344 3553 429 3609 rebus
453 3568 564 3619 ornare,
586 3567 654 3626 quus
676 3557 803 3624 ceperat,
824 3551 934 3610 uoluit:
955 3549 1076 3614 Verres,

208 3649 330 3726 quinon
344 3647 467 3719 Honori,
480 3667 574 3725 neque
587 3648 709 3718 Virtuti,
722 3654 754 3708 ut
769 3649 831 3724 llle,
842 3651 897 3712 secl
909 3645 1032 3716 Veneri,
1044 3647 1077 3703 et
