2428 4212
377 353 448 402 Δοτ.
466 353 496 402 11.
511 353 774 409 munumina.
946 363 1006 424 2³1

140 509 220 554 mum
232 495 410 558 insimulatio
422 507 466 560 ast
476 504 629 577 repentina
643 506 782 580 capitalis
799 507 885 582 atque
903 504 1011 564 invidi·

141 593 186 650 osi
199 595 347 655 criminis:
367 595 508 676 (statuite,
529 605 631 677 quanti
654 605 710 662 hoc
736 605 852 678 putetis,
873 609 903 662 et
924 621 1011 679 quam

7 685 23 724 ³³¹
139 695 243 752 multos
271 699 460 779 redemisse:)
479 701 588 760 deinde
612 704 726 762 crimen
746 704 810 762 sine
834 712 1010 772 accusatore,

21 784 27 804 '⁴
138 795 284 853 sententia
307 797 371 856 sine
391 799 525 866 oonsilio,
556 801 707 859 damnatio
735 803 800 860 sine
830 801 1009 860 detonsione.

138 886 305 968 (aestimate
319 898 419 956 harum
431 915 525 955 rarum
535 901 664 958 omnium
675 901 777 974 pretia,
788 907 819 958 et
832 899 970 975 cogitate,
978 899 1011 958 iu

6 1066 9 1076 Ι
141 991 187 1048 his
201 993 403 1069 iniquitatibus
422 1013 512 1052 unum
525 999 652 1056 haesisse
671 999 877 1074 Apollonium
898 1007 1012 1056 ceteros

5 1079 28 1114 '³
137 1092 269 1162 prolecto
281 1095 385 1149 multos
400 1111 438 1150 ex
452 1093 498 1151 his
519 1095 708 1156 incommodis
734 1097 859 1172 pecunia
883 1115 916 1155 se
938 1097 1012 1154 libc-

11 1204 27 1221 ψ
139 1185 242 1264 rasse.)
255 1195 400 1262 postremo
413 1195 559 1260 tenebrae,
567 1195 695 1262 vincula,
705 1214 812 1266 carcer,
831 1195 1010 1255 “inclusum

6 1286 24 1324 Γ»
141 1287 322 1358 supplicium,
336 1293 422 1364 atque
444 1308 462 1347 a
483 1298 642 1364 conspectu
663 1299 813 1366 parentum
826 1311 861 1350 ac
874 1292 1022 1362 libcrilm„

9 1383 23 1424 Ξ
139 1384 291 1458 deniquea
304 1383 397 1444 libero
409 1387 511 1460 spiritu
531 1393 563 1446 et
586 1392 734 1448 communi
759 1392 826 1448 lucc
847 1394 1011 1447 seclusum:

142 1481 306 1550 haecvcro,
320 1488 454 1560 quaevcl
467 1487 530 1544 vita
551 1488 655 1546 redimi
676 1493 757 1546 recte
780 1494 909 1563 possunt,
927 1487 1013 1545 aesti-
1111 1517 1117 1529 ·

98 1584 104 1606 ⁸
142 1599 221 1640 mare
231 1584 356 1656 pecunia
368 1602 428 1642 non
449 1603 532 1661 queo.
574 1587 657 1645 Haec
679 1587 778 1644 omnia
798 1605 864 1644 sero
887 1587 1012 1644 redemit

146 1681 327 1752 Apollonius,
348 1683 413 1755 jann
434 1701 563 1742 moerore
576 1703 612 1742 ac
632 1687 755 1743 miseriis
776 1685 925 1760 perditus:
959 1686 1012 1742 eccl

143 1781 240 1834 tamen
248 1785 361 1837 ceteros
374 1781 483 1849 docuit,
496 1787 564 1838 anta
578 1783 661 1840 istius
680 1784 824 1840 avaritiae
848 1801 883 1842 sc
906 1782 1012 1840 sceleri

140 1893 300 1934 occurrere.
321 1877 379 1936 nisi
393 1895 465 1936 vcro
476 1879 659 1949 existimatis,
672 1881 821 1939 hominem
835 1881 1012 1955 pecuniosis·

142 1974 321 2034 simumsine
334 1977 431 2052 aliqua
448 1995 537 2035 causa
560 1977 734 2053 quaestus*
744 1981 871 2037 electum
892 1981 930 2036 ad
951 1984 1012 2039 tarn

140 2073 312 2134 incredibile
325 2076 446 2145 crimen,
460 2081 509 2134 aut
529 2078 594 2134 sine
614 2078 718 2134 eadem
740 2094 829 2135 causa
850 2083 973 2152 repente
992 2096 1012 2136 e

140 2189 257 2231 carcere
269 2174 407 2232 emissum
418 2194 427 2244 3
447 2179 497 2232 aut
510 2177 566 2232 lroc
579 2175 738 2248 praedandi
751 2193 844 2249 geum
858 2179 895 2234 ab
908 2177 966 2235 isto
978 2177 1012 2236 in

143 2273 195 2330 illo
216 2291 275 2330 uno
298 2273 461 2330 adhibitum
483 2289 520 2330 ac
543 2277 695 2341 tentatum,
719 2277 751 2330 et
772 2291 833 2331 non
856 2275 1013 2346 perillum

142 2371 276 2428 omnibns
298 2370 461 2444 pecuniosis
500 2371 608 2429 Siculis
642 2377 752 2430 metum
784 2371 962 2446 propositum
982 2378 1014 2430 et

143 2469 294 2544 injectum

183 2568 280 2641 Cupio
292 2566 373 2635 mihi,
390 2567 516 2641 jndices,
535 2565 604 2626 ”ab
623 2568 676 2625 illo
696 2567 810 2642 subjici,
823 2568 961 2644 quoniam
974 2568 1013 2626 (le
1024 2577 1064 2638 ιο

75 2642 81 2654 ⁸
142 2667 261 2724 militari
274 2667 335 2739 ejus
349 2666 441 2741 gloria
454 2666 531 2734 dico,
544 2666 570 2722 si
583 2666 653 2740 quisi
665 2666 738 2724 sorte
752 2671 911 2740 praetereo.
933 2669 1014 2726 Nam

142 2765 215 2823 milri
229 2765 331 2822 videor
344 2764 381 2821 de
393 2765 527 2822 omnibus
535 2765 599 2836 jam
613 2767 697 2820 rebus
710 2764 771 2836 ejus
784 2764 874 2838 gestis
888 2764 1013 2835 dixisse,

143 2882 217 2940 quae
231 2863 348 2938 quidem
361 2864 397 2920 ad
412 2863 482 2920 belli
495 2862 682 2936 lugitivorum
696 2863 873 2936 pertinerent
893 2863 1014 2938 suspici·

146 2980 250 3020 onem:
271 2967 352 3018 certa
376 2959 450 3019 nihil
474 2962 571 3019 sciens
597 2961 785 3036 praetermisi.
818 2962 942 3020 Habetis
964 2964 1014 3022 luo·

150 3061 239 3120 minis
261 3058 394 3128 consilia,
422 3059 614 3135 diligentiam,
635 3061 830 3136 vigilantiam,
850 3063 1015 3120 custodiam

171 3215 197 3248 ¹¹¹
210 3214 325 3262 {nomon
340 3214 492 3276 neptium]
523 3214 632 3262 Gruterus
650 3216 755 3274 negabat,
769 3230 794 3262 as
810 3214 1010 3280 hoc-intrim&

143 3273 253 3322 Grnavius
263 3273 380 3330 delendum
391 3273 493 3334 putabat
510 3274 576 3319 mole.
600 3274 768 3320 Antithetonun
777 3273 914 3320 concinnitas
961 3272 967 3284 '
993 3279 1011 3321 t.

141 3331 185 3380 Est
194 3339 269 3378 autem
278 3333 409 3402 supplicium
419 3331 527 3386 abutum,
537 3333 655 3386 occultum,
666 3337 691 3377 ut
700 3331 777 3401 odium
785 3333 901 3379 inermen
931 3345 970 3394 pp.
980 3333 1013 3380 ad

143 3389 197 3440 niv.
209 3393 225 3448 l,
234 3394 256 3438 9.
287 3389 396 3438 Similiter
405 3391 464 3437 ludit
478 3389 501 3436 in
508 3389 640 3437 {admonet
649 3391 751 3438 androco
759 3406 783 3436 ur
792 3390 856 3438 Brut
866 3395 902 3438 aa

172 3469 490 3516 ”dnttumndttcrimca
533 3469 1015 3534 BensGraeviusctcctusndctlitproinjct·

141 3529 500 3590 unaquodnullumsmmmha
579 3528 1012 3589 tdmmmntinor‚velumoenue

142 3587 463 3648 translatnmerliucpcriodi.
493 3587 825 3638 umusbetetutaua

149 3665 920 3734 1¹⁹·ttquint-nortensmameodispuatv.ao.ma
