2460 4200
213 317 257 389 20·
540 313 732 369 urrunnun

213 471 301 536 tabet,
315 469 451 542 quantum
464 483 602 544 equoque
616 469 743 536 volebat,
756 465 919 542 Apronius:
941 467 1078 530 omnibns

212 574 308 627 autem
322 567 395 625 loeis
415 572 540 626 aratores
563 567 678 640 spoliati
691 585 727 626 ao
741 568 841 624 vexati
866 571 1077 642 querebantur:

212 683 306 741 nequo
327 673 422 724 tamen
445 669 533 724 ullum
548 664 692 740 judicium
712 665 877 740 reperietur.
927 667 1004 739 Quid
1029 672 1076 726 est

212 763 290 823 boot
310 771 353 822 tot
366 765 422 822 viri
444 765 539 832 sortes,
560 766 684 831 bonesti,
705 764 834 837 gratiosi,
848 769 891 820 tot
914 764 1016 831 Siculi,
1029 770 1078 824 tot

212 865 323 938 equites
337 863 462 943 Rornani
482 866 518 919 ab
532 881 592 920 uno
603 865 722 920 homine
734 861 909 938 nequissimo
923 879 958 919 ae
973 863 1073 934 turpis·

212 963 286 1022 simo
299 963 379 1028 laesi,
393 979 515 1036 poenam
529 961 637 1033 octupli
650 964 713 1020 sine
726 963 785 1018 ulla
798 958 977 1018 dubitatione
995 977 1074 1020 eom·

211 1061 339 1126 missam,
352 1077 410 1117 non
424 1057 684 1132 persequebantur?
704 1077 776 1131 quae
786 1055 897 1115 eausa?
917 1075 989 1132 quae
1000 1058 1074 1115 ratio

212 1156 280 1216 est?
300 1175 357 1214 una
371 1157 431 1224 illa,
439 1156 564 1229 judiees,
575 1173 659 1228 quam
674 1156 796 1212 videtis:
814 1158 889 1229 quod
902 1158 977 1213 ultro
986 1156 1076 1215 etiam

212 1255 311 1328 illusos
335 1273 367 1312 se
380 1261 409 1312 et
431 1255 527 1311 irrisos
548 1257 585 1310 ab
603 1254 716 1324 jrxtieio
737 1254 910 1310 ‹limessuros
925 1254 1074 1312 videbant.

213 1353 331 1413 Etenim
344 1354 419 1427 quod
432 1358 508 1409 esset
519 1350 672 1424 judicium,
685 1368 751 1406 oum
765 1368 787 1406 e
797 1351 897 1406 Verris
910 1353 1074 1424 turpissimo

212 1452 490 1525 flagitiosissimoque
501 1448 638 1503 comitatu
650 1453 707 1502 tres
715 1454 945 1519 recuperatorum
956 1452 1074 1509 nomine

212 1548 397 1618 desedissent,
410 1545 538 1600 asseclae
552 1543 643 1609 istius,
657 1559 715 1599 non
730 1561 747 1598 a
761 1551 840 1616 patre
859 1546 888 1601 ei
902 1547 1008 1612 traditi,
1022 1549 1075 1606 sed

212 1662 232 1704 a
244 1644 425 1702 meretricula
439 1639 654 1699 commendati?
677 1642 786 1714 Ageret
806 1642 944 1700 videlieet
958 1662 1077 1704 eausam

114 1778 116 1782 ·
212 1749 324 1801 arator:
337 1741 409 1799 nihil
424 1741 479 1798 sibi
493 1739 625 1796 frumenti
640 1741 679 1796 ab
691 1739 822 1812 Apronio
841 1742 981 1809 relietum,
997 1747 1074 1801 bons

212 1859 265 1899 sua
273 1842 361 1898 etiam
369 1841 496 1913 direpta:
516 1857 547 1896 se
557 1841 698 1912 pulsatum
707 1841 943 1914 verberatumque
953 1841 1073 1898 diceret.

212 1937 404 1998 ²'ooalerront
418 1939 474 1994 viri
490 1937 557 1992 boni
577 1937 689 2006 eapite:
710 1938 746 1990 de
760 1939 964 1995 comissatione
979 1941 1074 2012 loque·

212 2042 310 2095 rentur
329 2037 405 2092 inter
417 2051 459 2100 se,
472 2051 508 2090 so
520 2035 557 2089 de
579 2033 761 2101 mulierculis,
775 2034 799 2089 si
821 2053 921 2108 quasa
942 2043 1072 2108 praetore

212 2136 351 2192 abeuntes
374 2137 490 2206 possent
516 2132 739 2204 deprehendere.
771 2151 816 2188 res
843 2133 891 2208 agi
918 2134 1073 2192 videretur.

205 2231 381 2290 surrexisset
397 2229 550 2303 Apronius,
564 2247 642 2286 nova
655 2229 779 2302 dignitas
793 2232 949 2302 publicani,
963 2249 1020 2289 non
1042 2237 1075 2288 ut

204 2331 397 2396 decumanus,
410 2329 549 2403 squaloris
559 2331 660 2401 plenus
671 2346 706 2386 eo
718 2329 861 2400 pulveris:
883 2331 934 2386 sed
948 2349 1074 2404 unguen·

212 2429 250 2486 tis
270 2429 384 2494 oblitus,
406 2429 477 2485 vino
497 2425 660 2500 vigiliisque
683 2427 843 2500 languidus.
863 2429 961 2484 omnis
980 2429 1073 2502 primo

212 2532 291 2584 motu
315 2543 350 2582 ao
373 2525 475 2598 spiritu
495 2541 556 2592 suo,
577 2523 649 2590 vini,
671 2525 818 2596 unguenti,
839 2525 966 2598 eorporis
985 2529 1073 2584 odoro

212 2627 394 2698 complesset,
414 2623 535 2681 dixisset
555 2621 637 2688 haee,
651 2638 724 2694 qnae
739 2623 826 2693 vulgo
841 2624 938 2680 dicere
951 2628 1072 2694 solebat,

211 2741 270 2781 non
284 2743 315 2780 se
335 2725 470 2781 decumas
491 2719 604 2786 emisse,
617 2719 669 2774 sed
690 2719 767 2774 bona
786 2719 966 2794 fortunasque
980 2728 1072 2778 arato·

211 2837 291 2878 rums
313 2839 370 2876 non
385 2839 416 2876 se
426 2822 615 2874 decumanum
627 2834 690 2872 esse
703 2817 872 2888 Apronium,
883 2820 934 2874 sed
949 2820 1073 2879 Verrem

212 2919 350 2974 alterum:
371 2914 519 2969 dominum
529 2913 642 2966 illorum
656 2928 691 2965 ac
705 2917 870 2980 tyrannum.
911 2915 993 2983 Quae
1004 2932 1071 2972 cunr

212 3014 344 3077 dixisset,
358 3010 403 3066 illi
417 3007 471 3063 viri
486 3005 588 3078 optimi
608 3008 644 3061 de
658 3006 776 3062 eoborte
796 3007 878 3062 istius
893 3017 1071 3080 recuperato·

211 3129 266 3177 res,
294 3125 351 3164 non
371 3108 408 3162 de
432 3104 610 3162 absolvendo
638 3103 769 3175 Apronio
791 3103 992 3174 deliberarent,
1019 3111 1072 3169 sed
1117 3113 1122 3117 ’

212 3208 391 3284 quaererent,
409 3219 502 3277 eoquo
521 3202 606 3259 modo
625 3199 804 3275 ³⁰petitorem
825 3203 919 3276 ipsum
939 3207 1071 3279 Apronio

240 3359 264 3392 ²⁹
278 3359 402 3416 sufferrent
410 3358 429 3403 t.
439 3372 460 3404 v.
471 3357 550 3416 sapim]
566 3355 627 3403 velut
635 3355 778 3403 deliberaturi
786 3357 815 3402 de
820 3357 929 3404 sententia
937 3359 1035 3416 tamea,
1045 3364 1074 3409 ut

211 3419 235 3466 in
243 3417 357 3464 consilium
367 3423 490 3477 apraetore
499 3415 563 3462 missi.
595 3415 751 3476 Lepidissimus
760 3416 828 3463 locus.

241 3497 263 3566 {⁰
276 3495 387 3553 petitorem
396 3494 414 3540 i.
426 3494 524 3551 Apronio
532 3493 691 3564 remansura]
720 3493 807 3562 liberet
817 3494 852 3540 nic
861 3495 977 3551 Graevius,
987 3501 1010 3542 et
1024 3511 1075 3544 ron-

212 3555 400 3663 fffflfflfflre,
408 3567 480 3602 sensu
489 3559 559 3612 recto,
568 3553 606 3602 sed
615 3554 639 3600 rd
652 3557 687 3600 est
696 3557 763 3610 ebant
777 3555 921 3604 wadamrs
929 3555 1035 3614 Apronio.
1045 3559 1071 3604 ut
