2418 4208
238 335 301 396 Μ
571 325 763 377 mvnnanu

237 475 412 550 temporibus
440 475 570 545 aestivis,
597 477 671 551 quod
699 479 785 532 antea
808 474 871 548 jana
897 471 1102 543 demonstravi,

236 574 380 634 carbaseis
409 576 522 634 intenta
554 576 637 644 velis,
666 573 805 633 collocari
831 572 921 646 jussit
947 573 978 630 in
1005 573 1101 631 litore:

236 677 311 750 quod
336 681 380 732 est
406 675 474 732 litus
496 675 526 732 in
552 675 649 732 Insula
673 673 825 747 Syracusis
853 677 919 746 post
943 674 1104 730 Arethusae

236 775 355 841 iontem,
369 779 483 848 propter
496 774 588 847 ipsum
601 772 760 840 introitum,
776 777 862 847 atque
877 771 981 829 ostium
995 777 1103 845 portus,

237 890 360 931 amoeno
380 891 450 930 sane
464 879 494 930 et
512 876 548 929 ab
572 873 685 929 arbitris
707 877 817 929 remoto
839 873 912 929 loco.
952 871 1010 928 Hic
1035 870 1102 928 dies

237 973 364 1030 aestivos
385 973 538 1045 sexaginta
566 976 689 1044 praetor,
716 971 815 1044 populi
844 969 969 1027 Romani
997 959 1103 1037 custos,

237 1071 423 1143 defensorque
447 1070 627 1142 provinciae,
641 1070 685 1127 sic
707 1067 792 1135 vixit,
811 1074 843 1126 ut
865 1067 1018 1125 muliebria
1041 1087 1105 1142 qno·

237 1167 308 1224 tidie
333 1168 474 1225 convivia
499 1173 607 1237 essent,
620 1169 665 1226 vir
682 1154 863 1226 accumberet
886 1185 973 1226 nemo
997 1175 1106 1241 praeter

237 1266 330 1340 ipsum
364 1271 395 1324 et
420 1271 632 1341 praetextatum
659 1267 758 1324 lilium.
783 1266 897 1324 tametsi
930 1271 1010 1324 recte
1043 1267 1103 1322 sine

239 1366 413 1439 exceptione
440 1367 580 1434 dixeram,
604 1366 707 1433 virum,
736 1383 801 1422 cunr
825 1366 875 1422 isli
890 1371 998 1432 essent,
1019 1365 1104 1423 nemi·

238 1465 425 1523 neminisse.
480 1467 705 1539 Nonnumquam
732 1465 820 1522 eliam
845 1465 964 1522 libertus
994 1466 1105 1522 Timar·

238 1562 339 1618 chides
361 1564 558 1620 adhibebatur.
581 1564 716 1620 mulieres
736 1570 831 1620 autern
857 1570 964 1637 nuptae
986 1565 1103 1630 nobiles,

237 1663 353 1732 praeter
377 1678 464 1718 unam
478 1661 560 1719 mimi
574 1661 680 1718 Isidori
694 1661 795 1730 liliam,
809 1679 893 1736 quam
908 1663 973 1730 iste,
995 1668 1104 1737 propter

239 1775 376 1827 amorem,
391 1762 427 1818 ab
441 1761 558 1818 Rhodio
580 1761 702 1818 tibicine
721 1763 889 1829 abduxerat,
914 1762 1008 1835 Pippa
1028 1780 1106 1837 quae·

240 1858 317 1926 dam,
331 1876 404 1916 uxor
426 1861 618 1918 Aeschrionis
638 1860 834 1934 Syracusani:
855 1863 891 1918 de
911 1879 967 1940 qua
991 1861 1105 1919 muliere

240 1957 356 2030 plurimi
370 1977 478 2026 versus,
493 1959 541 2032 qui
565 1959 596 2016 in
621 1959 703 2016 istius
728 1959 916 2033 cupiditatem
937 1961 1010 2018 iacti
1033 1963 1107 2026 sunl,

239 2057 300 2110 tota
312 2055 414 2110 Sicilia
436 2057 678 2127 percelebrantur.
719 2059 791 2114 Erat
805 2064 834 2114 et
855 2058 941 2127 Nice,
955 2057 1033 2116 facie
1049 2059 1105 2116 exi-

238 2149 305 2217 mia,
331 2155 363 2208 ut
395 2153 585 2224 praedicatur,
615 2173 688 2212 uxor
716 2155 886 2215 Cleomenis
921 2158 1106 2232 Syracusani.

239 2249 326 2306 Hanc
354 2241 528 2308 Cleomenes
559 2251 605 2309 vir
631 2255 760 2311 amabat:
792 2261 992 2314 venrmtamen
1028 2259 1108 2330 hujus

238 2347 355 2406 libidini
375 2351 524 2408 adversari
538 2370 593 2408 nec
608 2357 728 2425 poterat,
742 2367 798 2410 nec
820 2356 959 2411 audebat:
983 2362 1013 2412 et
1025 2354 1107 2412 simul

239 2448 277 2504 ab
304 2447 360 2506 isto
381 2449 464 2505 donis
492 2450 698 2525 beneficiisque
726 2452 854 2524 plurimis
884 2452 1109 2512 ¹⁰⁰devincieba·

240 2550 293 2601 tur.
336 2547 391 2602 lllo
406 2551 501 2603 autern
515 2553 643 2622 tempore
662 2549 727 2615 iste,
738 2552 853 2608 tametsi
867 2570 901 2607 ea
916 2557 960 2607 est
982 2553 1109 2610 hominis

239 2643 428 2718 impudentia,
450 2664 534 2720 quarn
556 2649 655 2717 nostis,
679 2649 740 2722 ipse
755 2655 862 2719 tamen,
884 2667 949 2706 curn
965 2651 1013 2708 vir
1036 2656 1111 2709 esset

242 2745 405 2818 Syracusis,
418 2763 537 2803 uxorem
560 2747 621 2820 ejus
646 2765 743 2820 parurn
768 2753 882 2822 poterat
896 2748 995 2806 animo
1018 2753 1113 2806 soluto

241 2858 276 2899 ac
298 2844 390 2899 libero
410 2849 453 2900 tot
477 2845 509 2902 in
536 2853 602 2903 acta
629 2847 690 2903 dies
713 2865 811 2904 secum
838 2851 953 2906 habere.
1007 2850 1111 2922 ltaque

241 2941 389 3012 excogitat
415 2957 475 2996 rem
509 2942 691 3015 singularem.
726 2965 826 3014 naves,
868 2947 970 3022 quibus
998 2949 1113 3022 legatus

240 3036 411 3109 praefuerat,
439 3039 592 3096 Cleomeni
617 3046 721 3101 tradit:
743 3046 829 3102 classi
856 3047 954 3119 populi
985 3045 1115 3104 Romani

162 3139 167 3145 '
240 3136 431 3194 Cleomenem
467 3137 679 3212 Syracusanum
713 3163 845 3218 praeesse
878 3145 972 3220 jubet,
1005 3145 1115 3222 ¹atque

270 3295 300 3364 {⁰⁰
315 3293 498 3364 deprimebatur]
536 3295 560 3343 Si
573 3297 624 3344 libri
639 3299 852 3358 juvarent,mallem
864 3300 1031 3348 deliniebntur:
1055 3300 1120 3362 quod

239 3353 291 3419 lpurc
300 3369 332 3399 rer
343 3360 418 3414 utrque
428 3356 499 3417 aptius
508 3357 571 3404 foret.

270 3431 279 3462 ¹
293 3432 489 3498 amusimperared
521 3436 604 3498 Recepi
615 3451 663 3484 curn
674 3437 772 3484 Graevio
785 3439 902 3486 lectionem
915 3439 1009 3487 duorum
1020 3439 1084 3486 Mas.
1097 3444 1123 3486 ct

241 3486 284 3534 Gn.
296 3489 350 3533 olrm
359 3492 477 3547 probatam
487 3495 603 3552 lambino,
614 3509 671 3556 quae
681 3501 704 3541 et
714 3497 761 3543 sine
777 3498 839 3545 libris
849 3497 975 3559 recipienda
992 3504 1052 3544 erat.
1065 3513 1124 3544 nam

215 3587 217 3596 ,
241 3545 433 3614 vulgataduparal
447 3553 649 3613 planelrigidaest.¹
665 3555 805 3617 judetntpua
818 3557 918 3614 imperat.
949 3557 1025 3604 Estin
1044 3557 1126 3604 alten

241 3622 330 3670 quoqne
338 3618 449 3662 amparare
457 3612 605 3674 pleonasmus,
615 3615 654 3662 red
664 3615 748 3664 numeri
758 3631 824 3669 rausa
833 3617 954 3670 adsumus.
