2460 4200
180 347 219 407 ld
515 339 707 393 ruvmumr
787 309 792 319 ’

176 489 302 548 Romani
326 487 427 556 factm,
449 490 547 547 tamen
569 488 627 547 illis
651 492 696 546 est
719 487 857 547 redditus.
877 488 904 546 is
927 504 998 565 eger
1022 506 1041 548 a

176 588 344 648 censoribus
368 587 459 645 locari
478 590 562 646 solet.
605 588 787 645 Foederatae
811 586 950 646 civitates
972 590 1050 647 duae

176 692 251 754 sunt,
266 703 385 762 quorum
394 688 534 745 &cumae
548 687 652 744 venire
665 703 724 744 uon
737 689 859 755 soleunt,
870 686 1049 746 Mamertina

176 791 207 844 et
221 785 471 844 Taurominitana.
493 785 619 861 quinque
635 785 855 858 praeteressine
866 785 982 843 loedere
994 785 1048 844 in-

175 902 277 942 munes
304 885 443 942 civitates
465 902 500 941 ac
528 885 646 953 liberes,
667 884 869 958 Centuripina,
894 884 1046 952 Hclesina,

177 983 349 1057 Segestana,
364 983 561 1056 Halicyensis,
576 983 800 1043 Panormitam
824 986 975 1056 praeterea
985 997 1048 1040 car-
1069 1046 1072 1050 ,

175 1081 221 1139 nia
235 1099 304 1154 ager
318 1080 439 1139 Siciliae
458 1080 613 1139 civitatum
626 1083 803 1140 decoramus
825 1087 887 1140 est:
908 1081 1049 1156 itemque,

175 1185 244 1238 ante
255 1179 407 1253 imperium
420 1179 518 1254 populi
529 1180 664 1248 Romani,
677 1180 803 1254 iprormn
817 1179 981 1239 Siculorum
995 1195 1047 1238 vo·

174 1280 286 1336 luntote
299 1283 331 1335 et
344 1278 483 1336 institutis
497 1279 560 1336 tuit.
599 1279 710 1337 Videte
724 1297 803 1338 nune
816 1279 957 1351 maiorum
970 1277 1045 1351 snpi-

174 1377 294 1445 entiam,
307 1377 365 1452 qui,
373 1395 440 1436 cum
453 1377 594 1445 Siciliam,
608 1384 668 1436 tam
683 1381 874 1450 opportunum
887 1375 1045 1433 subsidium

174 1477 246 1533 belli
259 1481 345 1549 atque
359 1477 449 1548 pacis,
463 1478 499 1532 ad
513 1474 721 1546 rempublicam
736 1472 948 1546 adjunxissent,
962 1478 1044 1532 tanin

174 1589 244 1632 cura
259 1573 371 1630 Siculos
386 1571 460 1628 trieri
473 1575 504 1628 et
521 1571 645 1628 retinere
658 1573 820 1639 voluerunt,
833 1577 866 1629 ut
885 1589 945 1629 non
958 1574 1046 1631 modo

174 1688 273 1729 comm
295 1670 372 1744 agris
384 1670 513 1744 vectigal
538 1688 648 1727 novum
661 1672 774 1728 nullum
787 1671 978 1745 imponerent,
991 1671 1045 1728 sed

175 1788 213 1827 ne
222 1772 317 1844 legem
326 1769 442 1844 quidem
456 1769 635 1828 venditionis
648 1771 844 1839 (ὶοοιιιιιιιιιιιιι,
855 1768 878 1803 ¹¹
887 1786 964 1829 neve
975 1788 1047 1829 ven·

174 1868 266 1927 dandi
286 1873 336 1926 aut
349 1874 461 1944 tempus
475 1876 525 1928 out
545 1872 645 1928 locum
667 1874 896 1928 commutarent:
917 1872 1047 1927 diserto

175 1971 304 2041 tempore
324 1968 404 2034 suni,
419 1973 450 2024 ut.
462 1968 581 2035 ibidem,
601 1969 634 2024 in
656 1969 769 2036 Sicilia,
789 1968 914 2041 denique
933 1971 966 2023 ot
979 1967 1046 2039 lege
1115 1987 1117 1990 ·

176 2065 337 2123 Hieronica
351 2065 531 2121 venderent:
558 2067 711 2122 voluerunt
724 2082 775 2121 eos
788 2064 819 2121 in
833 2063 892 2120 suis
906 2063 990 2120 rems
1003 2062 1047 2136 ip-

175 2181 222 2221 ses
233 2163 388 2220 interesse:
409 2179 562 2239 eorumque
571 2163 693 2231 animos,
707 2181 766 2221 non
781 2164 867 2220 modo
881 2165 945 2236 lege
956 2177 1045 2230 nova,

175 2281 207 2321 se
228 2280 266 2318 ue
291 2261 409 2320 nomine
433 2262 549 2336 quidem
573 2261 646 2336 legis
668 2279 750 2319 novo
768 2260 957 2319 commoveri.
997 2262 1045 2318 lta

174 2362 311 2420 docum
334 2363 399 2434 lege
425 2360 584 2434 Hieronica
607 2377 720 2434 semper
734 2360 904 2418 vendundas
924 2374 1043 2417 censue·

174 2464 249 2527 runt,
263 2464 294 2516 ut
313 2458 513 2531 lisjucuudior
536 2465 613 2516 esset
634 2461 760 2518 muneris
781 2460 860 2518 illius
882 2456 1043 2526 lurcimi

174 2559 236 2632 eius
251 2557 336 2630 regis,
347 2557 399 2632 qui
414 2555 435 2587 ¹³
445 2556 551 2614 Siculis
565 2558 729 2615 carissimus
743 2557 807 2625 luit,
822 2575 881 2615 non
895 2559 987 2614 solum
1000 2556 1044 2614 in·

174 2657 284 2725 stituta,
297 2661 474 2714 commutato
486 2655 617 2729 imperio,
632 2674 732 2714 veruna
750 2656 841 2714 etiam
864 2670 971 2712 nomen
983 2668 1045 2711 na·

174 2761 267 2814 neret.
308 2755 375 2812 Hoc
387 2755 453 2829 jure
466 2760 535 2812 arte
546 2751 672 2813 Verrem
688 2761 850 2829 praetorem
865 2752 957 2810 Siculi
968 2768 1044 2810 sem—

175 2855 284 2929 perusi
297 2859 379 2910 sunt:
401 2853 448 2908 lric
463 2854 570 2924 primus
583 2855 716 2912 instituta
740 2853 879 2920 omnium,
892 2856 1044 2910 cumaeis-
1072 2849 1097 2896 '.

51 2937 61 2970 '¹
174 2952 306 3008 dinemo
325 2949 478 3022 maioribus
502 2951 646 3016 traditam,
667 2951 866 3008 conditionem
886 2949 1043 3016 amicitiae,

170 3051 219 3126 jus
241 3047 398 3114 societatis
425 3049 593 3104 convellere
619 3053 651 3105 et
675 3053 854 3106 commutare
875 3064 961 3105 ursus
984 3051 1040 3105 ast.

145 3147 265 3255 'Qus
256 3165 288 3206 ro
301 3163 332 3204 re
346 3143 468 3218 prim
488 3145 560 3202 illud
572 3147 753 3219 reprebendo
765 3151 797 3203 et
817 3162 932 3214 accuso,
944 3161 997 3203 cur
1010 3145 1045 3203 ln

175 3263 207 3304 rc
228 3251 287 3304 tuor
309 3243 415 3312 veleri,
435 3247 496 3301 tam
519 3243 634 3312 mitads,
658 3243 812 3320 quidum
833 3243 905 3302 novi
928 3244 1041 3302 Meris.

205 3397 484 3458 ¹2rrcrreoeruluradr'Jro
412 3397 631 3503 ]uistanmw'w
594 3399 631 3445 Sic
640 3398 745 3446 medici
746 3411 889 3456 ,nnonre
870 3396 1042 3444 uremememi-

174 3457 207 3514 ni,
225 3456 426 3504 sci.inrsltedu0
504 3457 523 3502 ti
590 3433 809 3518 Ceterumedri.pr
937 3469 1043 3504 consensu

174 3516 339 3564 uadundirsc
346 3513 453 3571 decurris,
464 3515 522 3576 quod
535 3519 572 3562 et
565 3472 815 3577 ippsmnrectomest

204 3593 263 3641 ¹³⁸
274 3593 476 3666 mederasmae]
505 3591 1041 3658 mmuncssmmnoru.

175 3653 447 3711 atmeliusioretsm‘rset
