2428 4212
266 323 269 329 Δ
366 318 440 370 scr.
456 317 487 368 u.
502 317 601 370 mssa
614 319 775 372 ouranos.
946 327 1007 388 pp,

147 465 288 542 anirliai
302 466 545 536 votawdebaretsts
562 466 718 528 Minervae
739 469 878 542 templum
890 471 1015 544 epotare

146 571 268 628 conatus
281 567 408 630 estille
420 567 489 624 deos
510 568 630 627 deorum
653 567 757 640 spoliis
777 585 879 626 ornare
903 569 1016 630 noluitr

142 665 193 724 liic
205 669 376 724 ornaments
400 664 556 724 Minervae
576 665 697 740 virginis
708 666 738 728 io
752 667 946 726 meretriciam
965 669 1014 726 clo·

142 781 220 822 mum
234 763 386 822 transtulit.
427 762 574 839 ⁴⁴Viginti
587 769 618 824 et
633 769 746 838 septem
759 770 908 838 praetores
933 768 1014 826 tnlru·

142 865 186 922 las
197 863 389 935 pulcherrime
402 863 497 937 pictas
508 881 547 920 cx
557 864 744 922 eademsetle
758 865 889 922 sustulit:
909 864 941 922 in
954 864 1014 940 qui·

141 961 195 1021 bur
216 967 300 1020 erant
320 960 465 1034 imagines
491 961 612 1020 Siciliae
630 979 731 1036 regum
753 979 790 1020 ac
818 969 1016 1036 tyrannorum,

143 1076 218 1134 qnae
233 1076 294 1116 non
317 1059 411 1116 solum
435 1058 577 1130 pictorum
596 1060 720 1118 artificio
746 1061 945 1128 delectabunt,
962 1061 1015 1134 sepi

139 1157 231 1214 etiam
253 1154 529 1214 commemoratione
551 1156 708 1225 hominum,
720 1164 753 1216 et
773 1158 942 1233 cognitione
960 1158 1015 1216 lor·

146 1270 266 1314 marum.
308 1254 357 1312 Ac
383 1252 491 1321 videte,
503 1258 611 1328 quanto
633 1256 751 1314 taetrior
773 1258 823 1314 lric
840 1255 861 1288 ⁴⁵
874 1262 1014 1331 tyrannm

149 1351 344 1426 Syracusanis
357 1351 453 1419 luerit,
466 1369 552 1426 quam
565 1352 714 1428 quisquam
732 1354 929 1426 superiorum:
948 1371 1016 1412 cum

142 1451 190 1510 illi
205 1455 303 1508 tamen
322 1451 454 1510 ornarint
467 1453 576 1524 templa
600 1452 719 1510 deorum
731 1451 946 1519 immortalium,
967 1451 1016 1510 hic

24 1568 31 1582 ·
139 1549 229 1608 etiarn
244 1550 364 1608 deorum
376 1556 564 1608 monuments
578 1556 664 1624 atque
677 1555 849 1608 ornamenta
860 1549 1015 1608 sustiuerit.

139 1649 209 1706 lam
223 1666 295 1706 vero
312 1649 382 1723 quid
394 1665 454 1724 ega
462 1649 500 1706 sle
515 1649 611 1710 vntris
625 1649 704 1706 illius
724 1649 826 1722 templi
838 1665 1014 1709 commeato·
1025 1671 1068 1730 55

142 1743 228 1804 rem?
248 1747 372 1814 Vereor,
384 1765 432 1815 ne,
444 1748 519 1804 lrsec
537 1747 588 1820 qui
606 1764 667 1804 non
687 1746 833 1812 viderunt,
851 1747 950 1804 omum
966 1763 1015 1805 me

142 1843 231 1904 nimis
248 1861 355 1918 augere
379 1850 465 1919 atque
486 1861 589 1903 ornare
606 1844 797 1903 arbitrentur:
818 1843 894 1918 quod
917 1847 1016 1902 minen

141 1960 233 2002 nemo
245 1942 387 2016 auspicari
409 1943 506 2010 debet,
524 1946 584 2000 tam
602 1960 667 2000 esse
694 1959 742 1999 me
765 1941 910 2014 cupidum,
924 1947 955 1999 ut
974 1946 1018 2000 tot

144 2041 224 2100 viros
237 2040 387 2115 primarios
398 2040 498 2108 velim,
509 2040 726 2113 praesertim-ex
733 2039 868 2113 judicum
886 2055 1015 2108 numero,
1043 2039 1048 2048 ’

140 2142 191 2220 qui
208 2141 361 2216 Syracusis
373 2139 488 2208 luerint,
494 2137 546 2213 qni
554 2140 627 2196 haec
638 2138 776 2206 viderint,
784 2157 848 2196 esse
857 2137 1016 2196 temeritati

139 2247 171 2298 et
184 2239 339 2300 mendacio
353 2257 419 2298 meo
438 2238 583 2296 conscios.
623 2239 803 2296 Confirmare
814 2239 873 2294 hoc
895 2237 1015 2312 liquide,

135 2339 263 2414 judiees,
273 2355 399 2412 poenum,
409 2338 513 2406 valvas
521 2335 795 2410 magnificentiores,
802 2352 919 2394 exauro
928 2341 1014 2410 utque

141 2439 231 2494 ebore
245 2435 431 2510 perfectiores
445 2436 539 2494 nullas
562 2451 698 2509 umquam
710 2436 771 2492 ullo
792 2435 900 2512 templo
915 2432 1014 2490 [uiam.

143 2534 322 2594 Incredibile
334 2533 415 2592 dictu
429 2537 578 2607 estquam
589 2533 675 2590 multi
689 2532 798 2592 Graeci
810 2534 848 2590 de
862 2534 1015 2590 valvarum

140 2636 241 2694 harum
251 2633 465 2707 pulchritudine
476 2631 616 2704 scriptum
628 2631 804 2706 reliquerint.
823 2630 946 2688 nimium
958 2631 1013 2688 lor·

142 2732 221 2790 sitan
233 2733 307 2790 haee
327 2731 372 2788 illi
391 2730 542 2796 mirentur,
552 2734 638 2803 atque
651 2730 782 2788 efferant.
802 2732 882 2795 ester
903 2743 1015 2785 verum·

144 2835 244 2889 tomen
258 2827 407 2886 honestius
420 2834 466 2884 ert
488 2827 665 2901 reipublicae
687 2832 812 2893 nostrae,
829 2824 956 2898 judices,
968 2841 1014 2894 ea,

142 2945 217 3003 quae
239 2926 299 2984 illis
320 2927 441 3000 pulchra
461 2943 526 2983 esse
542 2925 704 2993 rideantur,
724 2926 927 2998 imperatorem
950 2929 1015 2984 nos*

142 3032 220 3084 num
233 3026 265 3082 in
279 3027 358 3084 bello
378 3025 536 3102 reliquisse,
549 3043 634 3100 quam
657 3030 817 3100 praetorem
831 3023 862 3080 in
877 3039 950 3096 pace
964 3025 1011 3080 ab·

139 3121 266 3179 stulisaa.
306 3124 355 3181 Ex
368 3119 858 3198 reinna‹liliprnrtissimoperlecto¹¹⁶
866 3137 1014 3193 argumen-

171 3271 301 3329 “ngr'atr
294 3271 416 3328 'raptemst
339 3270 734 3377 m'kxvll.umoetm
656 3270 1015 3340 mpleacnigr‘atienroreln-

140 3331 245 3384 tironum.
261 3330 418 3391 luitsrriptum
544 3328 604 3389 quod
613 3333 662 3374 arnt
671 3328 836 3387 sialegenrlunr,
847 3328 932 3376 ntrliri.

169 3408 407 3468 ⁴⁵murmurarint]
370 3407 475 3466 firS
455 3407 605 3454 rsonsrrivr
582 3405 708 3452 vitiumed
718 3405 810 3453 Gnrteri
792 3421 873 3464 Mam
884 3410 1013 3469 (operarum

137 3409 665 3584 tilttmtltttffltlttt
659 3465 1012 3588 ”cilitiiffilliiil

140 3603 638 3726 nuzuwmfflwuanm'ffl
652 3605 759 3666 ‘m'
783 3605 863 3658 Μ’
879 3606 1013 3668 *ΨΜ
