2418 4208
348 309 421 364 ser.
438 313 471 364 rr.
497 313 595 365 usna
609 311 758 390 ouranos.
932 317 997 378 31³

131 459 381 520 nostraemtionis
404 461 486 538 regie
504 465 536 520 et
554 461 621 520 vis:
651 463 753 520 trorum
772 477 826 519 nos
849 459 999 520 bominum

129 561 241 616 sectam
253 563 340 634 etque
352 559 486 619 institute
498 560 703 636 persequimur.
730 559 884 629 Videmus,
892 563 999 634 quante
1009 553 1046 616 tt

128 653 212 739 sitin
225 655 348 726 invidie,
358 663 522 735 quentoque
535 660 568 717 in
587 658 656 719 odio
668 659 745 734 opud
757 659 895 734 quosdam
908 657 998 716 homi·

127 769 180 810 nes
199 756 311 814 nobitas
323 753 498 816 ''novomm
521 757 677 818 hominnm
688 757 781 820 virtus
794 761 825 814 et
837 757 996 815 industria:

125 851 151 909 si
165 857 307 914 tantumn
320 859 420 916 oeulos
433 856 633 931 dejecerim,
645 860 761 931 praesto
774 873 839 914 esse
852 855 972 914 insidiet
986 875 994 910 :

124 951 151 1010 si
164 953 255 1010 utinm
274 955 372 1012 locam
391 955 585 1028 aperuerimus
608 955 775 1029 suepieioni‚
798 959 848 1012 ant
871 952 998 1020 erimint

125 1051 331 1125 accipiendam
353 1069 418 1110 esse
439 1051 539 1112 stetim
551 1055 674 1113 vuinus:
695 1069 759 1111 esse
781 1051 864 1110 nobis
883 1065 998 1125 semper

124 1150 315 1224 vigilandum,
326 1169 439 1225 semper
448 1153 636 1210 laborandum
649 1153 790 1211 videmus.
818 1150 997 1210 inimiettiae

123 1243 215 1306 eunti
248 1249 425 1308 subeuntur:
454 1247 594 1310 teboresi
621 1249 821 1324 suseipientnr.
876 1249 996 1309 Etenim

121 1347 232 1405 tacitae
254 1348 355 1422 magis,
369 1353 399 1406 et
412 1352 546 1410 ooouitae
568 1349 742 1410 inimicitiae
756 1349 903 1407 timendae
917 1355 993 1416 sunt,

121 1461 208 1520 quem
220 1445 351 1504 indictae
371 1453 402 1505 et
423 1452 549 1524 apertae.
592 1448 750 1508 Hominum
771 1447 912 1506 nobilium
934 1464 994 1504 non

120 1541 181 1601 iere
202 1545 350 1620 quisquam
368 1552 483 1604 nostres
496 1547 655 1606 industriae
669 1547 766 1604 t'svet:
787 1546 876 1604 nattis
888 1546 994 1604 nostris

120 1641 225 1699 otdoiis
256 1643 487 1702 bonivotenttsm
517 1645 632 1703 ittonam
667 1644 787 1702 attiesre
819 1661 988 1718 possumus:

120 1739 203 1814 qussi
227 1745 329 1798 nature
348 1746 379 1799 et
399 1757 506 1817 genere
530 1742 671 1815 disjuncti
683 1741 752 1810 sint,
765 1741 807 1798 ita
819 1741 961 1800 dissident
975 1757 994 1798 a

118 1837 204 1895 nobis
218 1839 316 1896 animo
326 1855 361 1898 so
376 1842 537 1899 voluntate.
579 1841 677 1912 Quare
690 1839 759 1914 qnid
771 1839 881 1896 hebent
893 1854 992 1898 eorum

116 1933 293 1994 inimicitiae
305 1937 437 2012 perienti,
450 1953 569 2014 qnorum
579 1937 763 2012 enimosjam
775 1941 844 1994 ente
858 1936 991 1996 habueris

116 2031 254 2090 inimicos
267 2038 297 2091 et
310 2035 437 2106 invidos,
447 2053 533 2113 quem
542 2035 616 2096 alies
626 2035 797 2096 inimioitiss
806 2032 990 2108 susceperis?

115 2125 138 2164 ⁸⁸
150 2129 344 2202 Quamobrem
357 2135 438 2203 mihi,
446 2135 571 2210 judiees,
584 2138 715 2209 optatum
730 2135 804 2193 iilud
818 2139 872 2201 est,
885 2133 916 2192 in
933 2135 989 2192 boe

114 2243 168 2286 reo
181 2227 269 2287 finem
293 2233 449 2288 aeousandi
470 2231 575 2298 tacere,
595 2245 663 2289 eum
682 2237 713 2289 et
733 2234 840 2305 populo
855 2233 989 2306 Romano

114 2325 306 2394 satistietum,
319 2331 350 2383 et
371 2332 519 2400 reoeptum
542 2327 669 2386 offlotum
684 2327 800 2396 Sientis,
812 2329 986 2386 neeesssriis

112 2423 199 2494 meis,
211 2423 267 2481 erit
280 2425 463 2498 persolutum.
505 2425 707 2484 Detiberetum
720 2432 817 2484 entem
832 2430 887 2494 est,
901 2427 927 2484 si
941 2443 987 2482 res

113 2521 284 2594 opinionem
311 2537 415 2590 meam,
441 2539 527 2598 quarn
552 2525 590 2582 de
621 2525 706 2582 robis
727 2525 985 2592 haheo,ieietterit,

113 2637 176 2682 non
189 2619 276 2679 modo
288 2637 338 2678 eos
356 2622 498 2698 persequi,
511 2624 548 2680 sd
571 2639 642 2698 qnos
656 2623 782 2681 maxime
793 2622 909 2697 “eulpa
921 2639 983 2681 eor·

113 2722 267 2796 rumpendi
271 2719 388 2795 judieii,
401 2721 555 2780 sedetiam
568 2721 644 2789 iilos,
658 2722 695 2778 sd
707 2737 776 2795 qnos
784 2719 984 2779 eonsoientise

113 2821 253 2894 contagio
265 2819 430 2895 pertinebit.
471 2819 597 2880 Proinde
617 2820 713 2894 siqui
727 2820 862 2895 suntqui
879 2820 912 2879 in
925 2821 982 2878 hoe

118 2935 169 2978 reo
182 2925 232 2976 eut
242 2923 386 2992 potentes,
397 2923 446 2976 snt
459 2921 593 2988 andaset,
605 2923 655 2977 snt
668 2917 795 2976 srtr‘tims
808 2921 845 2976 ed
858 2935 984 2977 eorrum-

144 3071 168 3105 Μ
181 3072 318 3124 mind.
329 3072 431 3120 simmei
444 3071 574 3144 Moerin]
605 3072 729 3120 Acen-ate:
746 3071 777 3120 sic
796 3076 820 3119 et
838 3088 880 3135 pro
889 3073 948 3120 Sext.
960 3089 979 3120 c.

114 3133 149 3179 43.
162 3129 196 3177 isis
205 3129 290 3177 duabus
298 3129 363 3178 rebus
371 3129 726 3178 dieitsditnmdsninsemtum:
742 3131 780 3178 ubi
787 3130 834 3177 rid.

145 3209 167 3244 ⁸
180 3207 209 3262 Q·
220 3209 276 3268 mi.
285 3209 646 3269 mutilium-desere]
676 3209 739 3258 Mihi
754 3209 797 3254 hoe
807 3222 893 3268 semper
902 3208 982 3256 dumm

115 3267 186 3316 vistim
196 3271 238 3314 est.
266 3268 303 3318 De
321 3267 475 3316 emendatione
492 3266 549 3314 nihil
569 3282 654 3314 meeum
673 3266 837 3314 constitueram.
869 3267 914 3313 Sed
932 3265 980 3314 Ms.

114 3325 190 3374 Gneit.
201 3325 270 3372 habet
279 3327 307 3379 Q.
326 3325 475 3384 saidijudites
483 3329 581 3383 matum
589 3325 651 3372 itled
659 3330 703 3372 est:
717 3325 777 3387 qnod
791 3323 869 3372 melim
885 3329 931 3372 ert:
947 3339 982 3371 re-

114 3384 208 3446 spondet
218 3385 421 3432 mordetitsretura
429 3389 465 3432 est.

148 3461 170 3494 Ν
184 3463 248 3519 mlpu
258 3463 413 3520 commenda·
425 3461 508 3510 udieii.
551 3461 660 3510 Graevius
678 3461 749 3509 edidit
764 3461 863 3520 corrupti
871 3459 959 3521 judieii
967 3476 981 3508 e

114 3517 163 3588 Me.
175 3519 232 3590 neg:
240 3519 275 3566 eui
284 3521 393 3568 consentit
401 3477 445 3570 (ir.
476 3461 558 3570 sedes
570 3525 605 3569 est
614 3521 722 3570 oorrmtio
736 3519 882 3584 exquisitioris
896 3521 979 3568 tormse

113 3578 294 3637 ruodmwi-en
303 3579 463 3630 sidetem
