2486 4212
410 273 483 327 aaa.
499 273 541 326 lb·
553 273 651 326 Lim
665 273 829 330 QUARTUS.
983 285 1040 350 151

174 437 235 483 non
259 421 377 497 prolatis
398 423 503 484 tabulis
523 426 712 500 condemnari
734 443 856 486 neonae
877 425 950 486 est?
995 429 1046 488 'l'u

174 536 195 579 a
216 520 260 578 M.
277 521 388 590 Coelio,
404 524 499 596 equite
515 524 656 592 Romano,
670 525 831 583 lentissimo
850 527 1046 596 adolescente,

176 635 251 693 quae
272 622 400 692 voluisti,
424 639 494 678 vasa
514 629 653 696 argentea
675 623 813 696 Lilybaei
833 625 993 683 abstulisti:
1014 631 1047 684 tn

173 714 241 775 ⁰0.
259 718 383 786 Gaourii,
398 720 585 791 promtissimi
605 721 742 788 hominis,
761 725 792 778 et
813 721 1001 794 experientis,
1014 725 1045 780 et

173 813 305 887 inprimis
327 817 456 890 gratiosi,
480 819 693 892 supellectilem
714 836 830 878 omnem
854 821 964 878 auferre
987 837 1045 880 nou

170 913 324 970 dubitasti:
347 920 379 971 tu
391 915 549 974 maximam
566 921 596 972 et
625 918 849 989 pulcherrimam
864 935 993 977 mensam
1006 918 1046 976 oi·

90 1034 93 1041 ·
174 1013 268 1068 iream
290 1012 357 1081 aQ.
372 1011 492 1068 Lutatio
507 1011 644 1080 Diodoro,
660 1016 709 1089 qui
734 1015 771 1086 Q.
786 1016 886 1074 Catuli
903 1015 1047 1074 beneficio

177 1109 245 1164 aL.
262 1108 345 1162 Sulla
363 1105 440 1164 civis
455 1108 602 1166 Romanus
620 1111 713 1174 lactus
732 1118 787 1188 est,
798 1112 931 1172 omuibus
950 1113 1045 1172 soien-

179 1203 265 1270 tibus‚
284 1201 305 1233 ⁴⁴
316 1203 452 1276 Lilybaei
471 1206 624 1262 abstulisti.
665 1209 735 1266 Non
757 1210 811 1268 tibi
832 1211 950 1283 objicio,
969 1212 1045 1286 quon

178 1300 328 1374 bominem
345 1302 546 1376 dignissimum
561 1304 616 1360 tuis
629 1305 763 1373 moribus,
776 1308 971 1380 Apollonium,
992 1308 1046 1366 Ni·

176 1401 261 1458 eoois
275 1402 376 1468 tilium,
391 1402 631 1475 Drepanitanum,
645 1404 694 1478 qui
707 1419 785 1486 nuno
801 1405 841 1462 Δ.
855 1405 976 1476 Clodius
997 1421 1046 1463 vo·

176 1503 267 1566 eatur,
280 1500 360 1558 omni
373 1504 494 1574 argeum
506 1500 615 1574 optime
629 1499 707 1560 teoto
719 1501 851 1576 spoliasti
870 1518 907 1560 ao
922 1504 1046 1576 depeou·
1080 1567 1085 1576 ,

174 1599 251 1657 latus
265 1616 317 1672 es.¹
348 1599 461 1658 Taceo.
483 1617 544 1659 uon
566 1602 646 1658 enim
664 1605 745 1674 putat
762 1601 813 1658 ille
834 1601 891 1659 sibi
909 1601 1045 1678 iujuriam

176 1695 294 1764 iaomm,
308 1703 459 1770 propterea
471 1699 547 1772 quod
561 1699 674 1756 bomini
680 1699 745 1771 jam
757 1700 879 1772 perdito,
892 1704 923 1756 et
935 1702 1045 1758 sollum

176 1793 210 1852 in
224 1796 358 1868 laqueum
376 1794 525 1864 inserenti,
539 1795 711 1864 subvenisti,
723 1811 790 1853 eum
804 1797 920 1868 pupillis
934 1797 1045 1870 Drepa

178 1891 289 1950 nitanis
304 1896 379 1952 bona
392 1894 485 1968 patrie
497 1899 597 1968 erepta
609 1909 677 1952 oum
690 1893 741 1951 illo
753 1894 874 1966 partitus
891 1911 933 1950 es.
967 1893 1045 1952 Gau·

175 1991 349 2059 deoetiam,
363 1991 389 2050 si
409 1992 478 2066 qnid
498 1994 536 2048 ab
555 1991 608 2049 illo
623 1991 784 2050 abstulisti:
804 1997 836 2049 et
847 1993 902 2049 abs·
920 1997 950 2049 te
970 1990 1044 2052 nihil

175 2089 284 2150 rectius
306 2090 414 2148 lantum
437 2107 501 2149 esse
523 2091 601 2150 dieo.
643 2091 796 2149 Alisone
816 2107 888 2147 vero
907 2090 1043 2165 Lilybae-

175 2193 255 2257 huo,
269 2190 361 2262 primo
373 2189 502 2256 bomine,
514 2190 591 2262 apud
604 2205 690 2263 wem
711 2191 881 2246 deversatus
896 2207 938 2258 es,
951 2191 1043 2264 Apol·

176 2286 246 2346 linis
259 2287 374 2360 siguum
391 2285 413 2320 ⁴⁵
423 2289 551 2344 ablatum
562 2291 643 2344 uerte
657 2303 719 2344 uon
728 2287 863 2361 oportuit
905 2288 1043 2346 assises

176 2389 208 2442 te
228 2386 342 2444 emisse.
361 2385 442 2442 seio:
467 2385 532 2444 las
552 2401 611 2442 cro.
631 2385 673 2442 ita
692 2384 803 2460 opinor.
822 2383 896 2452 seio,
914 2384 1041 2459 iuquam.

174 2483 319 2558 proteram
332 2484 459 2542 litteras:
479 2487 626 2542 ettamen
645 2483 677 2541 id
695 2481 805 2542 laetum
824 2500 884 2543 non
906 2481 1042 2556 oportuit-

176 2583 207 2642 Δ
220 2582 331 2658 pupillo
345 2583 431 2657 Heio,
444 2583 494 2642 eui
507 2583 665 2642 Marcellus
684 2589 762 2642 tutor
783 2588 839 2651 est,
850 2600 870 2640 a
881 2599 938 2657 quo
956 2599 1042 2656 penu-

174 2681 257 2740 niam
282 2683 421 2757 grandem
446 2680 601 2755 eripueras.
628 2680 749 2752 scaphia
770 2695 839 2738 eum
861 2679 1042 2737 emblematis

175 2777 315 2852 Lilybaei
332 2784 427 2838 ullum
439 2784 517 2837 emta
529 2795 594 2836 esse
606 2777 691 2846 diois,
702 2794 742 2835 au
755 2775 902 2836 eonfiteris
921 2771 1043 2851 erepta!

219 2876 359 2949 Sedqrrirl
377 2893 433 2950 ego
453 2875 535 2934 istius
558 2875 751 2949 ipsiusmodi
774 2876 859 2934 rebus
881 2875 1042 2934 medioeres

51 2967 63 2976 ’
169 2972 294 3049 'iujurias
306 2975 433 3051 colligo:
452 2993 526 3053 quae
540 2976 738 3036 tautummodo
757 2974 788 3034 in
809 2973 891 3034 tutis
904 2973 996 3042 istius,
1009 2979 1041 3034 et

202 3127 227 3162 ⁴³
240 3125 268 3175 0.
279 3127 391 3190 cum]
418 3127 498 3176 lamb.
508 3127 633 3188 empsim.
643 3127 720 3175 Curii
741 3127 789 3198 §etl
798 3125 1041 3190 etinimmiptionibu

175 3185 271 3236 cauni
279 3193 403 3244 ooeurmnt,
413 3194 440 3234 ut
446 3203 482 3248 ap.
493 3187 613 3234 Gruterum
622 3187 652 3232 Ρ.
661 3187 780 3234 cacanus.

203 3263 227 3298 ⁴⁴
240 3264 361 3326 Lilybaei]
386 3263 656 3326 Vereor,neesnperiori
664 3261 921 3323 teniererepeb'tumsil.

202 3343 225 3377 ⁴⁵
238 3344 440 3414 alemanna]
455 3339 1040 3461 delevimeumwmffirzkl'dz

172 3400 437 3512 ffioffl'post
445 3401 517 3454 adadu
525 3414 553 3451 m
562 3399 642 3450 moen
