2438 4206
205 311 248 372 5‘4
504 267 747 360 'liiVEthitM¹

207 452 301 522 matis,
315 469 445 514 nummus
458 459 571 532 praeter
592 457 766 518 immeritum
786 460 905 516 coactus
927 459 973 514 est
991 453 1072 512 dare.

208 551 378 616 Venerione
388 572 483 626 servo,
496 561 526 616 te
540 562 679 631 praetore,
691 557 757 614 talis
776 555 832 624 vir,
844 560 961 612 senator
974 548 1075 628 populi

155 648 195 712 tl
210 649 345 722 Romani,
366 655 497 730 quaestui
520 652 600 715 init?
631 657 717 716 Hunc
740 654 871 714 ordinem
892 655 919 711 si
931 651 1076 728 dignitate
1144 719 1148 726 Ι

209 753 386 811 antecellere
400 772 460 814 non
474 755 671 823 existimabas,
680 773 722 812 ne
735 755 792 812 hoc
816 753 930 830 quidem
951 749 1077 817 sciebas,

210 848 383 910 runrcsan?
405 853 504 912 Antea
511 869 578 912 cum
592 857 723 928 equester
729 851 959 925 ordojudicaret,
969 849 1076 921 impro-

210 946 243 1006 bi
254 952 286 1006 ct
298 965 417 1022 rapaces
437 951 617 1024 magistratus
638 951 670 1010 in
693 943 853 1025 provinciis
875 946 1078 1006 inserviebant

210 1044 391 1118 publicanis:
425 1046 597 1106 ”ornabant
630 1067 689 1118 eos,
722 1048 885 1124 quicunqne
917 1046 962 1104 in.
981 1043 1078 1118 opem

210 1147 309 1202 erent:
329 1163 527 1222 quemcunque
541 1147 668 1222 equitem
681 1148 845 1205 Romanum
867 1144 901 1202 in
924 1140 1078 1217 provincia

211 1239 357 1312 viderant,
383 1245 533 1304 beneticiis
557 1262 593 1303 ec
614 1245 788 1304 liberalitate
814 1243 1076 1318 prosequebanturr

211 1357 307 1416 neque
322 1345 435 1402 tantum
447 1343 500 1402 illa
519 1361 565 1402 res
586 1343 758 1402 nocentibus
781 1343 923 1416 proderet,
938 1342 1082 1416 qnantum

210 1438 304 1498 obluit
315 1439 422 1509 multis,
435 1457 501 1498 cum
523 1441 631 1514 aliquid
644 1444 746 1500 contm
758 1439 915 1498 utilitatem
928 1437 989 1512 ejus
1002 1435 1081 1494 ordi·

210 1535 258 1594 nis
277 1539 512 1612 voluntatemque
532 1537 679 1596 iecissent.
719 1537 911 1598 Retiuebetnr
934 1537 991 1594 bec
1014 1539 1077 1592 tum

211 1632 314 1692 nescio
325 1634 470 1710 quomodo
481 1634 563 1710 qnasi
575 1635 723 1694 communi
744 1635 869 1698 consilio
891 1635 928 1693 ab
941 1632 1001 1692 illis
1013 1632 1079 1691 dili·

211 1735 323 1806 genter,
334 1739 377 1801 ut,
391 1732 441 1809 qui
460 1749 549 1792 unum
567 1733 694 1810 equitem
714 1734 877 1794 Romanum
899 1731 1079 1790 contumelio

212 1829 334 1906 dignum
346 1836 484 1906 putasset,
507 1834 544 1890 eb
557 1833 696 1892 universo
706 1831 808 1890 ordine
821 1833 899 1889 malo
910 1829 1014 1905 dignus
1028 1829 1076 1903 jn·

213 1928 373 1988 dicaretur:
401 1935 433 1988 tu
455 1930 499 1988 sic
510 1930 642 1990 ordinem
663 1929 838 1988 senatorium
850 1925 1021 2002 despexisti,
1034 1926 1080 1986 sic

214 2027 252 2089 ad
264 2026 384 2100 injurias
398 2026 588 2102 libidinesque
597 2031 659 2084 tuas
672 2026 770 2084 omnia
783 2025 959 2100 coaequasti,
966 2025 1010 2084 sic
1029 2026 1079 2083 ba·

215 2122 303 2182 buisti
313 2127 451 2183 statutum
465 2141 531 2182 eum
539 2123 637 2182 animo
646 2141 683 2182 ac
695 2124 895 2193 deliberatum,
908 2140 1017 2192 omnes,
1029 2121 1081 2199 qui

214 2220 379 2280 habitarent
398 2221 433 2280 in
446 2221 558 2292 Sicilia,
571 2226 630 2291 aut,
643 2221 691 2298 qui
705 2219 839 2282 Siciliam
852 2226 881 2282 te
895 2225 1025 2296 praetore
1036 2225 1079 2280 al·

216 2319 359 2396 dgbsent,
377 2317 527 2395 “jndicee
548 2320 725 2396 rejicerent
750 2319 823 2380 illud
843 2337 904 2380 non
926 2320 1083 2404 cogitares,

107 2442 109 2446 ·
212 2421 316 2476 ,tamen
328 2417 366 2476 ad
384 2417 513 2492 ejusdcm
533 2418 642 2479 ordinis
668 2417 802 2478 homines
825 2423 855 2476 te
871 2417 988 2492 judices
1014 2435 1081 2476 esse

210 2513 396 2576 ,ventnmml
423 2515 456 2576 in
476 2517 585 2592 quibus,
598 2515 624 2575 si
647 2515 834 2591 exipsorum
856 2516 1015 2576 domestico
1037 2515 1084 2576 in·

211 2615 371 2676 ‚commodo
382 2617 477 2678 nullus
487 2615 569 2674 dolor
580 2614 727 2685 insideret,
736 2619 834 2674 omen
850 2620 927 2674 esset
939 2615 991 2674 illa
1003 2613 1085 2689 cogi·

213 2714 299 2785 tatio,
312 2714 344 2774 in
358 2715 475 2774 alterius
482 2713 589 2790 injuria
600 2733 664 2774 sese
677 2716 839 2789 despectos,
852 2713 1084 2790 dignitatemque

218 2813 327 2874 ordinis
339 2817 536 2887 contemptam
549 2818 580 2872 et
592 2813 743 2888 abjectam.
758 2812 834 2888 qnod
847 2814 1020 2882 mehercule,
1035 2811 1086 2886 ju·

219 2908 310 2978 dices,
332 2910 405 2968 milri
417 2925 477 2968 non
496 2909 680 2966 mediocriter
693 2910 841 2968 terendum
857 2909 979 2966 videtur.
1021 2909 1086 2968 Ha·

219 3009 270 3066 bet
293 3003 372 3064 enim
392 3005 536 3080 quendem
556 3005 688 3061 ceruleum
707 3004 893 3072 contumelia,
915 3021 999 3079 quem
1020 3007 1086 3080 pali

210 3097 360 3181 ¹pudentes
373 3119 408 3160 ec
423 3101 479 3160 viri
492 3099 562 3158 boni
580 3099 749 3161 difficillime
773 3106 900 3176 possunt.
943 3094 1088 3177 Spoliasti

222 3203 346 3264 Siculos.
360 3203 455 3258 solent
469 3199 547 3258 enim
560 3197 646 3257 inulti
659 3217 723 3258 esse
746 3199 778 3259 in
801 3199 914 3274 injuriis
937 3202 996 3259 suis
1019 3220 1088 3277 pro·

250 3361 581 3422 commendanturque]
597 3376 630 3408 em
639 3375 682 3410 non
691 3362 749 3410 bene
765 3361 873 3409 consentit
884 3376 933 3409 cnm
948 3362 1087 3424 quicunque,

220 3422 296 3483 Atque
306 3422 373 3468 etiam
380 3421 488 3468 ornabant
495 3422 562 3479 majus
573 3419 667 3480 videtur,
678 3436 742 3483 quam
753 3436 794 3483 pro
803 3421 872 3478 operia
882 3421 1057 3482 publicanorum.

248 3499 271 3534 ⁸⁷
279 3501 300 3560 j.
312 3515 332 3548 r.
344 3500 438 3548 arrideat
447 3515 492 3550 awa
506 3501 626 3564 cogitaret]
656 3501 702 3552 Hie
720 3500 792 3550 oratis
809 3515 853 3549 non
862 3503 974 3551 cohaeret,
1007 3500 1086 3550 laceras

219 3557 334 3609 lacunosae
343 3559 438 3609 videtur.
960 3569 965 3582 ·
