2486 4212
399 320 470 374 dt'l'.
486 321 516 372 tl.
532 319 630 372 mua
644 319 806 374 obnube.
970 328 1030 392 175

167 469 280 528 scelere
294 467 447 528 ecferebat.
486 468 507 501 '⁰
516 468 594 544 Quid
607 472 663 530 boc
678 475 738 530 tota
753 469 908 530 Siclliaert
917 471 1033 544 clarius,
1129 539 1140 550 ,

166 584 253 642 quem
266 584 366 626 omnes
388 569 563 643 Segestanus
576 573 721 628 matrones
741 575 772 628 et
785 570 912 646 virgines
925 587 1033 628 conve·

165 665 254 734 nisse
268 683 334 724 cum
356 667 454 726 Diona
482 673 682 742 exportaretur
708 685 745 726 ex
766 667 895 742 oppido?
913 669 1037 728 unxisee

163 762 339 838 unguentis?
357 769 517 840 complesse
530 767 646 825 coronis
659 771 690 825 et
702 767 818 827 floribus
832 765 845 824 l
864 773 926 826 ture
939 766 1032 826 odori·

163 861 271 937 busque
295 863 423 924 incensis
437 866 578 939 usquead
597 866 659 939 agri
674 866 746 922 fines
759 871 925 939 prosecutas
942 861 1031 944 essct

162 960 250 1018 Hunc
261 968 292 1018 tu
305 967 417 1020 tentam
429 963 600 1035 religionem
617 963 643 1020 si
655 969 717 1022 tum
737 963 770 1022 in
782 963 904 1038 imperio
917 969 1032 1038 propter

161 1058 353 1131 cupiditatem
379 1064 465 1132 atque
487 1059 640 1118 auduoiam
658 1078 717 1120 non
731 1062 973 1136 pertimescebas:
991 1079 1030 1120 ne

163 1171 244 1214 nunc
257 1154 382 1230 quidem,
395 1156 428 1212 in
440 1161 523 1216 tento
536 1163 586 1215 tuo
604 1158 812 1234 liberorumque
832 1166 943 1218 tuorum
957 1160 1031 1234 peri·

163 1251 469 1326 culoperborresois?
490 1255 586 1327 Quem
612 1255 667 1312 tibi
690 1262 740 1314 eut
759 1258 914 1326 bominem,
926 1258 1030 1318 invitis

162 1351 219 1412 diis
233 1350 453 1420 immortalibus,
463 1356 513 1410 cut
524 1355 702 1422 vcrodeum,
711 1354 799 1412 tantis
807 1372 906 1417 comm
918 1356 1030 1430 religio

162 1449 248 1509 nibus
261 1450 388 1518 violetis,
401 1450 514 1510 auxilio
526 1450 651 1510 luturmn
664 1449 768 1526 putas?
788 1451 861 1511 Tibi
870 1453 922 1512 illo
932 1454 1031 1512 Dione

160 1547 194 1607 in
207 1555 280 1622 piroe
293 1553 378 1625 atque
392 1549 423 1606 in
437 1551 499 1608 otio
509 1551 680 1626 religionem
693 1553 803 1609 nullum
817 1551 936 1610 attulit?
956 1569 1029 1626 quae

161 1661 230 1706 cum
243 1649 315 1706 duas
328 1651 420 1716 urbes,
435 1649 465 1706 in
478 1649 580 1724 quibus
594 1652 690 1708 locate
701 1649 803 1717 lucrat,
815 1655 917 1723 ceptus
928 1650 1029 1710 incon·

161 1760 266 1818 sasque
276 1745 407 1813 vidisset,
419 1747 466 1803 bis
478 1764 518 1804 ex
531 1748 651 1804 duorum
664 1749 803 1804 bellorum
817 1748 931 1806 domme
943 1749 1028 1806 terro·

160 1861 218 1919 que
240 1849 357 1902 servate
378 1852 444 1902 est:
477 1859 550 1919 quac
575 1844 862 1918 Karthaginiensium
895 1846 1028 1914 victorie,

160 1943 230 2002 loco
242 1947 362 2009 mutato,
373 1942 545 2016 religionem
569 1947 667 2000 tumen
686 1959 746 1999 non
768 1941 882 2002 amisit:
903 1942 937 2000 P.
952 1944 1029 2002 Airi-

161 2040 231 2100 cani
244 2041 352 2098 virum
365 2040 536 2116 religionem
558 2040 644 2100 simul
667 2057 735 2098 cum
758 2041 824 2098 loco
835 2042 1028 2116 recuperavit.

161 2139 228 2212 Quo
240 2139 356 2214 quidem
378 2141 490 2196 scelere
503 2144 647 2213 suscepto,
660 2155 728 2197 cum
740 2136 836 2198 inanis
849 2146 927 2198 esset
940 2141 1027 2212 basis,

160 2241 192 2296 ct
205 2237 237 2294 in
246 2254 283 2294 ea
296 2237 332 2293 P.
346 2237 480 2295 Africani
502 2253 610 2295 nomen
628 2236 753 2294 incisum
764 2257 771 2292 ι
792 2254 837 2294 res
850 2237 971 2312 indigne
983 2243 1026 2296 et·

159 2351 216 2411 que
239 2335 421 2392 intolerando
443 2334 598 2392 videbatur
616 2333 759 2402 omnibus,
774 2350 834 2392 non
855 2337 948 2396 solum
961 2335 1026 2394 reli·
1136 2398 1139 2402 ,

159 2432 261 2508 giones
283 2449 347 2490 csse
368 2433 501 2500 violatos,
515 2449 616 2492 venum
639 2431 728 2490 etiam
752 2432 787 2490 Ρ.
802 2432 947 2502 Africani,
967 2433 1026 2492 viri

159 2533 316 2602 tortissimi,
329 2551 422 2594 rerum
431 2539 575 2608 gestarum
584 2533 716 2607 gloriam,
725 2534 892 2591 memorium
900 2534 1025 2604 virtutis,

158 2638 346 2690 monumento
366 2632 517 2699 victoriae,
542 2633 578 2689 C.
593 2632 717 2688 Verrem
739 2631 896 2688 sustulisse.
939 2633 1025 2704 Quod

157 2747 226 2787 cum
237 2730 287 2787 isti
299 2730 510 2788 renuntiaretur
530 2730 568 2785 de
582 2727 645 2784 besi
666 2744 702 2784 ao
716 2727 830 2794 litteris,
843 2727 1026 2788 existimavit

157 2826 292 2886 homines
305 2827 337 2884 in
347 2825 526 2884 oblivionem
541 2825 627 2883 totius
642 2825 752 2898 negotii
766 2842 830 2882 eree
840 2829 985 2894 venturos,
999 2827 1025 2886 si

156 2926 248 2983 etium
257 2925 357 2991 basim,
366 2931 510 2999 tamquam
525 2924 652 2982 indicem
662 2924 708 2982 sui
715 2923 843 2992 sceleris,
851 2925 1022 2984 sustulisset.

157 3023 257 3099 itaque
270 3024 428 3081 tollendam
443 3011 524 3106 istius
539 3022 660 3096 imperio
680 3025 867 3081 locaverunt:
887 3041 959 3098 quae
975 3042 1024 3082 vo·

158 3123 203 3182 bis
217 3123 325 3181 locatio
347 3139 387 3178 ex
408 3121 531 3194 publicis
554 3122 777 3196 Segestanorum
799 3121 902 3178 litteris
930 3122 1024 3194 priore

159 3222 275 3279 actione
289 3220 411 3278 recitate
424 3223 477 3276 est.
519 3219 568 3276 'Pe
579 3237 667 3286 nunc,
676 3219 711 3275 P.
724 3218 834 3290 Scipio,
845 3223 883 3284 te,
896 3217 1022 3292 inquam,
1032 3233 1074 3294 36

155 3319 343 3378 lectissimum
365 3317 635 3390 ornatissimumque
655 3316 872 3372 adolescentem
885 3319 1020 3387 appello:

155 3418 208 3476 ebs
222 3423 251 3473 te
264 3416 390 3476 officium
400 3421 488 3490 tuum,
498 3413 627 3472 debitum
635 3411 736 3488 generi
746 3417 776 3468 et
786 3410 897 3470 nomini
909 3415 1022 3489 requiro

184 3566 622 3626 ”wiureaecmtmpmt
653 3565 1019 3628 Auttocdeleudmautquum,

154 3634 180 3676 ut
189 3641 264 3676 aenrru
273 3627 389 3678 latinitatis
398 3641 507 3690 quemque
515 3627 596 3675 dooere
604 3629 687 3688 potest.
