2438 4206
204 360 245 418 52
514 353 706 406 rnvnannrs

201 499 340 569 secundo,
360 500 449 560 simili
470 500 582 562 ratione
607 507 751 562 extortam
773 521 836 561 esse
858 502 1021 578 pecuniam,
1040 505 1073 559 st

204 599 276 658 Sex.
288 597 448 659 Vennonio
458 601 573 671 datam,
599 621 637 660 ex
657 603 761 660 eodem
780 601 946 660 testimonio
966 617 1072 676 cogno·

204 697 299 755 visus.
341 700 384 758 At
395 701 617 770 Amestratinos,
627 701 759 758 homiues
773 704 884 768 tenues,
894 715 962 757 cum
972 714 1072 756 eorum
1116 713 1125 738 s

202 795 339 855 decumas
359 799 512 857 medimnis
526 815 602 856 neec
617 798 799 857 vendidisses
814 786 958 888 lilanobali
970 793 1073 853 Vene-

203 895 255 964 rio,
269 893 449 974 (cognoscite
463 897 581 955 nomina
595 891 835 974 publicanorum)
849 895 929 970 cogis
942 911 992 952 eos
1006 896 1072 969 plus

204 995 277 1051 lucri
290 997 404 1063 addere,
418 1013 503 1070 quam
516 995 617 1070 quanti
632 996 795 1063 venierunt,
808 1012 875 1053 cum
894 1010 999 1067 magno
1020 1009 1071 1050 ve·

203 1091 324 1150 nissent.
379 1095 460 1151 Dant
482 1093 626 1152 Banabeli
649 1093 802 1152 medimnis
823 1110 910 1160 neec,
931 1091 994 1148 H·S
1014 1107 1070 1148 un.

204 1187 339 1248 Proiecto
352 1207 507 1274 numquam
519 1192 575 1250 iste
589 1196 650 1250 tam
663 1185 767 1249 amens
781 1189 891 1258 luisset,
905 1194 937 1246 ut
949 1207 987 1246 ex
1001 1205 1072 1263 agro

204 1289 304 1363 populi
325 1290 449 1348 Romani
471 1293 534 1366 plus
556 1289 692 1348 frumenti
714 1307 800 1347 servo
823 1287 963 1356 Venerio,
984 1302 1071 1362 quam

204 1391 311 1463 populo
325 1389 457 1449 Romano
468 1390 555 1448 tribui
568 1392 721 1463 pateretur,
732 1387 789 1446 nisi
801 1388 895 1444 omnis
906 1403 941 1444 ea
954 1387 1070 1460 praede,

180 1474 183 1483 ¹
205 1487 283 1543 servi
304 1487 430 1556 nomine,
451 1490 487 1545 ad
508 1487 594 1544 istum
616 1487 710 1560 ipsum
732 1487 908 1560 perveniret.
949 1483 1071 1554 Petrini,

192 1599 272 1646 ,cum
286 1601 383 1640 eorum
403 1587 542 1642 decumae
566 1603 671 1660 magno
692 1585 827 1642 addictae
851 1587 958 1652 essent,
971 1587 1071 1642 tamen

108 1663 124 1759 Ἰ
204 1678 374 1738 invitissimi
387 1683 421 1739 P.
432 1683 551 1740 Naevio
565 1683 719 1758 Turpioni,
729 1683 940 1758 improbissimo
950 1681 1072 1750 homini,

204 1773 255 1855 qni
282 1778 458 1854 injuriamm,
487 1782 646 1840 Sacerdote
679 1787 819 1855 praetore,
843 1782 994 1839 damnatus
1018 1784 1073 1849 est,

207 1873 271 1937 flas
285 1897 395 1936 xxxvii
409 1884 438 1936 et
453 1897 482 1935 rc
502 1881 571 1938 dure
592 1881 689 1940 coacti
710 1887 785 1939 suut.
827 1881 911 1938 ltane
933 1879 1072 1938 dissolute

206 1978 342 2036 decumas
361 1975 381 2007 ⁸¹
392 1977 559 2048 vendidisti,
573 1983 613 2046 ut,
626 1996 693 2036 cum
703 1978 840 2049 ¹modium
855 1983 932 2036 esset
946 1977 1009 2036 H·S
1020 1993 1072 2045 xv.

207 2075 347 2131 decumae
370 2079 466 2132 autem
492 2073 669 2134 medimnum
693 2095 730 2134 111
757 2077 917 2148 venissent,
944 2077 1001 2134 hoc
1028 2080 1074 2133 est

209 2173 273 2232 tls
282 2191 397 2242 xxxxv,
407 2173 481 2230 lucri
494 2175 656 2234 decumano·
669 2193 717 2233 cm
729 2192 777 2234 cro
789 2193 836 2233 cro
849 2175 912 2234 H·S
921 2171 1079 2232 darentur?

209 2271 253 2332 At
262 2290 420 2348 permagno
430 2274 636 2348 decumasejus
647 2273 881 2351 ngdoevendidi.
922 2271 1076 2330 Videlicet

208 2371 354 2445 gloriatur,
368 2389 427 2427 non
448 2371 593 2442 Turpioni
616 2375 726 2426 lucrum
748 2376 856 2437 datum,
876 2369 928 2425 sed
948 2367 1076 2426 Petrinis

157 2487 198 2546 40
210 2467 362 2542 pecuniam
377 2470 513 2540 ereptam.
556 2463 655 2538 Quid?
676 2467 880 2540 Halicyenses,
893 2483 1012 2542 quorum
1031 2467 1076 2526 in·

208 2569 291 2624 colae
300 2568 435 2624 decumas
444 2566 523 2628 dant,
534 2563 590 2640 ipsi
600 2581 682 2639 agros
691 2564 963 2624 immuneshabent:
977 2583 1076 2624 nonne

209 2661 277 2725 huic
297 2665 400 2724 eidem·
415 2664 568 2739 Turpioni,
592 2661 688 2722 ⁸lenm
709 2665 848 2722 decumae
861 2662 880 2700 t
896 2683 922 2722 c.
937 2667 1013 2724 med.
1028 2683 1079 2724 ve·

209 2766 330 2834 cissent,
345 2767 408 2824 iis
430 2783 472 2823 xv
487 2782 536 2822 cro
552 2765 621 2822 dare
643 2763 739 2822 coacti
760 2761 850 2823 sunt?
881 2763 915 2822 si
938 2765 978 2832 id,
999 2765 1077 2840 quod

209 2864 337 2922 maxime
351 2863 405 2930 vis,
419 2881 517 2936 posses
531 2865 660 2935 probare,
674 2865 747 2921 haec
761 2865 798 2921 ad
811 2864 986 2921 decumanos
994 2866 1077 2922 lucra

240 3014 261 3047 ³¹
274 3013 411 3076 mutuom]
442 3013 507 3064 Quae
516 3015 642 3074 sequuntur,
652 3012 683 3058 sic
688 3027 738 3058 eum
747 3013 845 3060 Graevlo
850 3013 926 3062 addidi
936 3014 1007 3062 eMs.
1015 3017 1080 3066 Nan-

210 3071 251 3122 nti.
262 3071 370 3120 Graevius
379 3076 454 3120 tamen
463 3085 508 3117 non
520 3069 573 3117 satis
584 3074 686 3116 aoeurate
697 3070 767 3118 dedit.
783 3071 910 3130 Vulgoest:
927 3087 977 3120 cum
983 3075 1084 3124 studium

213 3147 254 3182 xv.
264 3147 294 3179 aa
305 3130 420 3188 sanuserat,
429 3129 567 3176 medimnum
576 3144 614 3176 ιιι.
625 3143 656 3176 m.
666 3129 688 3176 d.
699 3145 717 3177 a.
728 3129 786 3178 HS.
798 3146 889 3180 xxxxv.
901 3132 962 3180 tucri
970 3133 993 3180 d.
1003 3135 1025 3181 d.

243 3211 266 3244 ⁸³
280 3209 390 3272 vendidi]
421 3209 472 3256 Hoc
479 3222 556 3256 verum
566 3223 620 3265 esse,
627 3208 693 3256 docet
701 3208 792 3257 verbum
797 3209 917 3270 guntur.
945 3210 1080 3270 Vendidisti,

230 3269 274 3316 uod
282 3269 396 3316 nesciebat
404 3266 512 3316 Graevius
522 3269 580 3316 unde
593 3267 701 3316 Gruterus
711 3268 815 3329 ediderit,
825 3274 860 3317 est
873 3269 956 3322 inedd.
968 3285 1002 3334 pr.
1034 3273 1081 3320 Sed
1135 3297 1139 3302 .

241 3343 269 3374 se
277 3327 362 3376 habent
371 3327 451 3376 vitiose
458 3327 533 3386 igitur
539 3343 581 3390 pro
587 3327 706 3388 glorietur.

216 3407 604 3479 stimulas-udum
614 3408 667 3480 ets-t
698 3406 1082 3480 lnmhipnpndnteqidoaneqt

214 3470 727 3574 tttffluttiutdiata
733 3467 1082 3584 “lldlnnlffii'iisffllli

214 3542 735 3646 mmtssimilliaintollizasriimismassna.’
820 3540 836 3588 P
1010 3541 1038 3588 pfl
