2428 4212
206 339 271 402 ηρ
535 339 728 392 musanus

208 483 256 544 lta
278 489 412 561 quaestor
431 503 494 546 sum
516 489 617 558 iaetus,
630 494 663 548 nt
682 487 755 546 mibi
768 487 908 544 honorem
921 485 1005 543 iilum
1018 488 1076 541 tum

208 581 296 642 ⁴'nou
309 588 402 644 solnm
414 589 523 657 datum,
533 589 681 647 sedetiam
689 588 831 646 creditum
844 603 880 646 aa
894 584 1078 642 commissum

209 689 348 762 putarem
369 687 413 746 aie
424 689 538 747 obtinui
552 692 732 765 quaesturam
747 688 779 746 in
799 685 963 761 provincia,
976 687 1008 741 ut
1021 698 1079 739 om·

209 785 292 846 nium
305 789 405 846 oculos
418 787 449 846 in
462 806 510 846 me
522 806 611 847 unum
630 789 780 863 conjectos
798 785 966 852 arbitrarer3
987 786 1018 839 ut
1033 798 1079 838 ma

211 891 448 963 quaesturamque
458 904 551 945 meam
562 888 644 963 quasi
654 887 686 944 in
696 886 793 960 aliquo
806 885 884 942 orbis
897 887 986 940 terrae
997 882 1081 938 thea-

212 987 258 1042 tro
279 986 387 1044 versari
399 986 615 1044 existimarem:
636 991 669 1043 ut
690 986 789 1047 omnia
809 999 931 1057 semper,
944 997 1016 1055 quas
1035 979 1081 1052 ju·

212 1085 309 1142 eunde
329 1086 464 1143 videntur
487 1103 562 1152 esse,
576 1103 636 1143 non
660 1086 746 1142 modo
757 1081 831 1141 “his
846 1077 1081 1142 extraordinariis

213 1182 429 1257 cupiditatibus,
449 1187 501 1242 sed
525 1186 616 1243 etiam
639 1185 694 1259 ipsi
716 1189 834 1242 naturae
854 1199 890 1238 ac
914 1178 1082 1238 necessitati

213 1282 398 1357 denegarem.
439 1285 528 1342 Nunc
552 1303 616 1342 sum
643 1277 808 1358 designatus
835 1281 959 1338 aedilis:
991 1279 1084 1335 habeo

215 1381 367 1450 rationem,
391 1382 459 1457 quid
483 1401 501 1440 a
524 1385 630 1459 populo
654 1384 786 1440 Romano
812 1379 993 1453 acceperim:
1015 1374 1084 1433 mibi

216 1481 299 1539 ludos
321 1481 518 1538 sanctissimos
543 1482 670 1539 maxima
684 1499 751 1538 cum
770 1477 956 1538 caeremonia
978 1475 1085 1544 Cereri,

217 1579 334 1645 Libero,
359 1579 538 1653 Liberaeque
561 1580 721 1648 faciundas,
741 1579 815 1638 mihi
835 1579 953 1636 Floram
967 1581 1086 1634 matrem

216 1679 324 1750 populo
337 1677 471 1752 plebique
483 1678 631 1737 Romanae
645 1680 777 1737 ludomm
790 1677 960 1737 celebritate
975 1678 1088 1750 placan-

218 1776 296 1843 dam,
310 1775 382 1834 mibi
395 1779 478 1835 ludos
488 1779 710 1852 antiquissimos,
722 1779 770 1854 qui
783 1777 869 1852 primi
883 1773 1011 1834 Romani
1025 1777 1088 1830 sunt

221 1877 374 1945 nominati,
387 1877 515 1935 maxima
534 1895 601 1936 eum
623 1879 764 1952 dignitate
785 1895 820 1934 ae
845 1875 986 1950 religione
1010 1871 1088 1940 iovi,

221 1975 342 2044 lunoni,
358 1976 568 2051 Minervaeque
590 1995 654 2034 esse
678 1977 837 2043 iacinndos,
851 1974 924 2032 mibi
946 1987 1090 2030 sacrarum

221 2073 337 2129 aedium
361 2074 600 2143 procurationem,
621 2075 694 2132 mihi
717 2079 808 2132 totam
831 2059 932 2132 urbem
955 2073 1091 2130 tuendam

222 2170 493 2228 esseeommissam:
507 2171 545 2226 ob
554 2188 651 2228 earnm
665 2190 759 2229 rerum
772 2177 901 2228 laborem
913 2177 945 2226 et
954 2170 1094 2230 sollicitu-

222 2269 323 2326 dinem
337 2267 443 2326 fructus
457 2269 523 2326 ilios
544 2271 636 2338 datos,
649 2270 842 2345 antiquiorem
862 2271 894 2326 in
915 2257 1017 2326 senatu
1032 2288 1095 2327 sen-

224 2367 336 2426 tentiae
359 2367 501 2426 dicendae
525 2368 632 2437 locum,
658 2373 755 2442 togam
783 2374 973 2441 praetextam,
994 2370 1096 2425 sellam

225 2469 363 2534 curulem,
370 2465 420 2538 jus
432 2463 452 2496 ⁴⁴
462 2465 597 2540 imaginis
609 2467 645 2522 ad
659 2467 828 2524 memoriam
841 2466 1097 2542 posteritatemque

257 2620 279 2653 ⁴²
293 2635 339 2666 non
356 2620 428 2666 salom
444 2619 530 2677 dotum
549 2620 587 2666 ssd
603 2622 669 2668 dium
686 2635 717 2668 er.
728 2621 782 2680 ete]
813 2621 897 2668 Forma
907 2621 963 2668 haee
982 2625 1017 2668 est

228 2677 366 2728 insolentior.
398 2677 433 2725 Ex
442 2679 526 2724 usitata
536 2693 583 2725 esse
593 2680 697 2734 debebat,
708 2695 753 2726 non
763 2685 807 2725 tom
816 2680 900 2734 datum,
911 2695 978 2738 quanm
988 2695 1013 2725 er
1041 2681 1100 2726 itum

228 2745 249 2788 et
256 2755 308 2788 eona
317 2739 380 2787 etsie
388 2738 639 2808 putabateoniqendum
647 2741 720 2786 lorum
727 2738 856 2796 Memmius,
863 2739 973 2799 probante
982 2739 1095 2785 lambino

229 2799 336 2847 Similiter
343 2798 396 2844 alibi
406 2797 483 2843 ἀαιωη
493 2803 516 2842 et
524 2799 680 2845 comnudrdum
689 2798 859 2855 distinguuntur.
886 2798 931 2843 Sed
939 2799 1033 2844 iormam
1046 2799 1102 2844 bane

122 2889 126 2898 ·
228 2858 377 2929 mutavitita,
392 2865 418 2901 ut
437 2857 546 2926 sententia
564 2857 727 2926 deretaeution
759 2859 838 2904 Sensus
847 2862 897 2925 est:
914 2871 1010 2926 agnosco
1020 2857 1103 2926 beneti-

229 2915 1105 3040 tartariaitiit⁰ttt⁰llltttt⁶ttl¹mittit-‘¹eiatitt

230 3030 358 3086 crediderit,
368 3045 397 3076 se.
410 3030 517 3090 rempubl.
550 3033 585 3077 lta
601 3041 732 3090 agnoscitis
742 3035 826 3080 bonore
836 3033 983 3094 beneficium.-
993 3037 1017 3078 et
1027 3034 1102 3078 baete

230 3103 272 3135 nus
288 3089 354 3136 dotus
370 3087 583 3146 eatpetqfficium:
598 3089 702 3137 haetenus
712 3091 774 3148 fidei
786 3093 882 3138 eraditur
900 3097 947 3138 ert:
964 3097 988 3137 et
998 3097 1033 3138 est
1044 3092 1106 3136 ineo

231 3147 300 3195 etiam
310 3152 440 3194 venustaret
449 3147 528 3207 gratia.
548 3149 683 3196 Offendissot
692 3153 805 3212 populum,
815 3151 833 3198 ai
841 3151 939 3204 dixisset,
946 3151 988 3197 sibi
998 3155 1108 3197 bonorem

231 3222 277 3256 non
286 3207 375 3270 proprie
382 3207 460 3254 datum
469 3221 516 3254 esse
531 3224 572 3270 pro
580 3222 625 3254 suo
657 3210 715 3258 Mox
741 3226 766 3256 ro
781 3211 920 3258 orbieterrae
935 3210 1019 3257 (lraev.
1032 3215 1105 3255 terre

231 3281 299 3314 rum.-
316 3267 376 3330 quod
385 3267 472 3330 aliquot
481 3267 538 3315 Mas.
551 3267 642 3326 babent,
651 3269 719 3316 etiam
750 3270 802 3316 usli.

263 3345 286 3379 ⁴³
299 3347 335 3393 aa
343 3348 453 3396 animani.
465 3349 494 3411 a]
524 3347 578 3404 His,
587 3347 604 3394 i.
615 3359 635 3394 e;
653 3363 711 3410 quae
728 3363 785 3395 mmo
802 3348 967 3405 increbuerunt,
976 3350 1003 3394 ut
1017 3345 1106 3393 Verris.

234 3405 282 3450 trum
292 3408 497 3455 macerrima-ium
505 3407 624 3469 opponitur
631 3409 757 3454 marm.

264 3479 587 3549 “amessa-manne]
618 3485 654 3533 Sic
663 3486 775 3547 primasi.
786 3484 1113 3535 Gronoviusexemendatione

234 3543 328 3605 paterna
345 3541 422 3613 edidit,
436 3559 478 3604 pro
492 3548 583 3604 surgam
594 3545 737 3603 proderrdom,
751 3547 774 3593 in
793 3559 838 3608 quo
856 3559 880 3592 se
894 3545 977 3592 trustra
995 3545 1114 3591 torserant

235 3598 308 3669 malti.
338 3596 447 3649 Graevius
456 3619 500 3650 non
509 3608 595 3652 secutus
613 3608 648 3650 eat
657 3605 698 3650 hoc
708 3606 831 3668 exemplum
839 3623 845 3652 a
861 3608 886 3653 at
895 3617 937 3664 ego
946 3616 1035 3668 sequor.
1066 3599 1114 3649 Vk

236 3659 283 3710 aua
292 3658 420 3710 emendatio
428 3661 476 3713 sine
485 3663 547 3714 libris
556 3663 615 3710 iacta
623 3663 704 3710 certior
713 3669 754 3720 sat.

1200 3685 1202 3744 l

1200 3871 1202 3902 ι
