2418 4208
359 321 431 372 ΔΜ.
447 321 477 371 ΙΙ.
502 318 766 376 mundumque.
924 321 988 386 261

123 461 312 528 duetuantenr
334 469 496 546 reliquerat
549 471 668 547 Reliqui
693 467 834 545 praetecti
857 467 990 538 naviunr.

124 564 247 623 eumin
274 571 379 628 terram
403 569 558 644 imperetur
580 570 700 639 exisset,
725 557 793 628 eum
818 566 875 642 iuri
896 583 991 642 neque

125 676 293 737 repugnare,
317 684 410 743 neque
432 669 505 727 mari
527 668 654 744 effugere
677 670 738 726 ullo
755 667 841 726 modu
864 669 992 739 possent,

125 761 252 833 appulsis
264 765 302 822 ad
325 766 460 826 Pelorum
478 769 613 836 navibus,
634 769 824 826 Cleomenem
847 762 993 840 persecuti

123 863 200 916 tunt·
254 861 343 922 Tune
380 868 558 939 praedonum
594 868 656 926 dux
683 868 838 932 florenter,
863 867 995 938 repente,

125 961 240 1030 praeter
262 978 354 1035 apem,
380 981 439 1022 non
466 982 519 1022 aua
545 966 661 1034 uirtute,
684 967 737 1024 aed
763 963 847 1022 iatius
869 959 996 1020 avaritia

126 1055 314 1134 nequitiaque
340 1060 444 1129 vietor,
478 1065 602 1121 ulaaaenr
636 1063 859 1138 pulcherrimam
895 1058 996 1134 populi

127 1153 265 1225 Romani,
277 1157 310 1216 in
322 1159 391 1218 litua
411 1163 564 1234 expulsam
576 1167 607 1220 et
629 1163 771 1236 «duretam,¹
781 1178 850 1220 eum
872 1159 997 1234 primurn

125 1253 377 1329 advesperaeeret,
408 1258 581 1318 inflammari
607 1259 781 1334 incendique
812 1259 909 1331 jurait.
968 1256 996 1316 0

128 1355 243 1426 tempus
256 1355 401 1424 miserum,
414 1361 501 1432 atque
514 1359 651 1416 aeerbunr
671 1356 841 1431 provinciae
856 1354 996 1414 Siciliae!

126 1467 259 1511 onasum
271 1453 355 1514 ilium
369 1455 467 1514 multia
479 1456 686 1515 innoeentibur
697 1454 899 1514 ealarnitoaum
911 1459 998 1528 atqua
1067 1487 1071 1492 =

126 1549 274 1610 turreamrn
287 1557 295 1608 t
315 1571 335 1610 o
347 1553 431 1612 irtiua
444 1554 604 1630 nequitiem
616 1571 653 1612 au
673 1553 880 1628 turpitudinem
902 1551 999 1626 ringu-

126 1649 235 1706 laremt
249 1651 319 1709 Una
331 1657 416 1727 atque
430 1654 533 1712 eadem
548 1657 690 1721 nexerat,
703 1649 998 1727 quapraetoramurir

130 1746 290 1820 trrrpiraimi
303 1749 428 1816 damma,
441 1767 478 1807 ae
490 1751 593 1808 elarrir
616 1750 717 1826 populi
736 1748 861 1808 Romani
882 1749 999 1822 praedu-

127 1861 200 1902 num
213 1845 352 1905 incendio
361 1847 566 1921 conflagrabat.
588 1849 716 1906 Affertur
726 1852 814 1905 noete
823 1846 999 1918 intempesta

128 1944 229 2018 gravia
249 1945 368 2019 bujuaee
389 1945 460 2004 mati
480 1946 598 2005 nuntiur
621 1947 796 2020 Syrueurae:
816 1943 939 2002 eurritur
961 1945 999 2002 nd

128 2043 313 2117 praetorium,
323 2061 380 2120 quu
389 2042 476 2102 iatum
489 2061 507 2101 e
520 2044 662 2104 convivio
671 2043 724 2102 iilo
734 2044 883 2118 praeelaro
896 2043 999 2100 redux·

127 2146 213 2200 erant
225 2143 322 2215 paullo
335 2148 405 2202 ante
419 2142 553 2202 mulieres
566 2160 634 2202 eum
647 2149 736 2204 eantu
753 2147 840 2218 utque
863 2142 999 2216 sympho-

129 2239 189 2298 nia.
249 2241 434 2307 Cleomenes,
460 2257 632 2313 quamquam
658 2257 718 2298 nux
744 2246 816 2307 erat,
842 2245 941 2298 tamen
966 2240 999 2298 in

130 2338 250 2413 publicu
276 2355 341 2395 erre
366 2354 427 2396 non
453 2339 558 2395 audete
578 2337 704 2396 ineludit
730 2354 763 2396 ae
785 2336 885 2396 dorni:
905 2353 999 2412 neque

129 2438 232 2494 aderat
244 2453 326 2504 uxor,
339 2453 414 2512 quaa
426 2435 572 2495 euneulari
583 2436 730 2494 huminem
742 2435 774 2494 in
788 2434 872 2494 rnalia
893 2439 999 2508 pureet.

129 2537 227 2612 Hujur
252 2541 350 2594 auteur
373 2535 513 2610 prueeturi
539 2535 720 2609 imperatoria
746 2535 790 2593 ita
811 2538 874 2593 erat
896 2547 1002 2592 severa

128 2634 475 2710 durnidireiptina‚utiu
488 2651 520 2690 ra
540 2639 633 2703 tanta,
653 2633 686 2692 in
710 2639 770 2692 tarn
792 2632 876 2707 gravi
896 2632 1002 2690 nuntio

130 2751 220 2794 nemu
232 2733 440 2800 admitteretur,
454 2749 541 2791 uenru
553 2736 640 2798 earet,
660 2731 709 2806 qui
729 2731 849 2788 auderet
869 2733 920 2788 aut
939 2732 1002 2788 dun

128 2833 272 2892 rnientem
285 2830 426 2899 exaitare,
439 2835 490 2888 aut
503 2830 688 2903 interpellare
707 2829 889 2903 uigilantem.
933 2829 952 2884 J
954 2845 1003 2886 an

131 2947 215 2999 veru,
228 2947 260 2988 re
272 2932 311 2988 ab
330 2930 464 2988 omnibua
485 2930 613 3005 eegnita,
633 2931 825 2988 euueuranbat
847 2930 917 2988 urbe
940 2932 1003 2986 tota

129 3029 262 3090 maxima
273 3027 436 3088 multitudo.
456 3047 516 3087 non
529 3028 618 3096 eninr,
631 3029 707 3086 rieut
724 3031 812 3086 antea
823 3028 1003 3088 eonsuetudu

131 3133 205 3197 erat,
218 3129 396 3203 praedonum
420 3129 579 3184 adventum
599 3127 784 3201 significabat
802 3125 925 3200 ⁹igniae
939 3143 1003 3198 ape·

132 3229 201 3286 aula
212 3229 342 3286 sublatur
355 3230 406 3284 aut
419 3228 547 3295 tumu103
567 3226 619 3282 aed
639 3225 755 3282 damma
767 3241 806 3280 en
825 3223 890 3296 ipso
902 3223 1002 3306 ineen-¹

131 3323 184 3384 diu
197 3325 316 3384 narium
337 3330 368 3383 et
390 3325 588 3384 alamitatenr
611 3326 764 3395 acceptam
787 3325 818 3378 et
844 3321 1003 3395 perieulum

133 3422 277 3497 reliquum
291 3423 450 3482 nuntiabat.
479 3423 555 3481 Cum
569 3425 683 3498 praetor
692 3423 881 3498 quaereretur,
895 3425 927 3477 et
934 3437 1003 3478 eon·
1011 3451 1053 3514 33
