2438 4206
207 323 250 384 50
457 323 461 332 ’
539 315 574 364 ΙΝ
587 313 731 366 verbnm

7 437 8 476 ἶ
114 485 117 490 ’
205 461 360 526 medimnis
380 477 438 520 roo.
490 462 665 537 Liparenses
692 468 842 524 vooentur.
862 465 919 540 ipsi
941 469 1074 543 eeoipere

205 565 350 631 deorum
369 565 400 620 et
419 579 569 620 numerare
589 563 731 622 Valentio
751 571 893 639 eoguntur
914 569 986 626 lueri
1006 570 1072 628 He

205 678 272 719 xxx
286 659 387 718 mitiis.
427 661 484 719 Per
497 663 567 720 deos
586 661 778 720 immortales!
800 668 893 722 utrum
906 666 960 724 tibi
973 683 1070 727 sumes

204 763 243 820 ad
256 759 479 822 defensionem?
498 766 617 820 teutone
636 762 755 820 minoris
769 768 799 822 te
818 765 954 822 decumas
968 766 1073 824 vendi·

202 861 290 930 disse,
303 867 335 918 ut
347 861 385 918 ed
397 860 544 918 medimms
558 875 615 928 reo,
625 877 692 919 xxx
705 861 798 919 miilie
811 861 893 930 iuori,
906 863 1004 920 stetim
1019 883 1073 924 sue

204 963 354 1018 voluntate
366 957 473 1016 oisitus
496 959 624 1028 adderet,
637 961 694 1018 boo
715 965 768 1029 est,
782 959 870 1018 tritioi
890 961 1070 1022 medimninn

203 1077 228 1117 rr
247 1055 359 1118 miiiiei
389 1074 437 1126 an,
456 1075 524 1116 oum
544 1073 650 1132 magno
668 1049 804 1116 denumes
825 1059 1017 1128 vendidisses,
1036 1066 1068 1118 te

112 1147 115 1152 ’
202 1155 378 1231 expressisse
391 1157 429 1212 eb
449 1153 552 1214 invitis
566 1155 773 1231 Liparensibus
795 1157 872 1214 buno
894 1156 1081 1232 peouoiami-

203 1255 264 1316 Sed
278 1255 346 1332 quid
359 1269 414 1328 ego
426 1273 465 1313 ex
478 1259 509 1312 te
521 1271 636 1330 quaero,
646 1255 715 1329 quid
723 1255 889 1314 defensurus
899 1255 948 1324 sis,
962 1257 1068 1329 potius,

112 1353 114 1358 ’
202 1373 288 1430 quam
300 1371 475 1431 cognoscam
495 1371 534 1412 ex
557 1353 621 1427 ipsa
641 1353 773 1420 civitate,
787 1352 856 1427 quid
880 1359 993 1427 gestum
1005 1352 1068 1414 siti

202 1453 309 1512 Recita
335 1453 531 1512 testimonium
552 1451 699 1524 publioum
727 1450 938 1524 Liparensium,
961 1453 1068 1510 deinde

201 1553 440 1627 quemadmodum
450 1549 592 1607 Valentio
604 1549 712 1607 nummi
726 1549 785 1606 sint
797 1550 868 1607 deti.
886 1567 1069 1608 resumem-

201 1665 247 1706 uor
269 1667 433 1716 susurrum,
454 1665 603 1712 suenone
625 1665 767 1706 sonorum
788 1665 844 1715 err,
865 1665 907 1706 nx
922 1666 1066 1708 nrsrnnrs

203 1763 354 1804 susumus.
394 1747 531 1805 Etiamne
544 1747 617 1802 baec
632 1750 692 1803 turn
705 1763 795 1818 parve
804 1745 921 1814 civitas,
932 1751 991 1804 tem
1005 1764 1069 1820 pro·

202 1848 250 1904 eui
264 1863 282 1909 e
295 1845 426 1904 manibus
440 1846 496 1902 tuis
510 1850 595 1919 atque
605 1863 623 1900 e
636 1849 794 1916 conspeetu
805 1848 922 1912 remote,
937 1843 1070 1917 sejuncta

201 1958 222 1999 a
242 1942 354 2010 Sieilia,
367 1943 506 2000 ininsula
524 1942 633 2003 indulta
647 1942 783 2016 tenuique
804 1941 907 2014 positu,
920 1945 1068 2002 cumulate

200 2039 267 2098 aliis
280 2040 337 2096 tuis
351 2040 504 2114 meJoribus
517 2039 639 2113 injuriis,
649 2040 680 2096 iu
691 2041 746 2096 boo
760 2055 871 2114 quoque
881 2039 1068 2099 frumentario

161 2174 164 2184 ·
200 2155 317 2212 genere,
330 2139 453 2212 praedae
467 2137 521 2195 tibi
539 2143 570 2195 et
582 2138 712 2212 quaestui
724 2134 800 2196 suit?
817 2155 914 2212 quem
929 2143 958 2195 tu
974 2143 1065 2196 totam

200 2238 324 2298 insulam
337 2237 452 2294 ouidom
472 2242 582 2294 tuomm
606 2236 755 2304 sodalium,
768 2235 844 2294 sieut
868 2236 984 2310 aliquod
1004 2253 1066 2292 mu-

201 2337 361 2403 nusculum,
371 2335 566 2393 eondonaras:
587 2336 623 2392 ab
632 2335 691 2391 hee*
698 2334 786 2392 etium
797 2335 869 2390 baec
883 2333 1069 2392 frumentaria

200 2434 290 2500 luera,
303 2437 448 2507 remquam
462 2449 480 2489 e
494 2432 717 2499 mediterraneis,
732 2431 921 2504 exigebantur
933 2429 951 2489 i.
964 2433 1067 2506 ltaque

200 2529 250 2604 qui
263 2534 307 2587 tot
320 2530 404 2588 annis
422 2529 530 2604 agellos
544 2547 609 2590 suos
623 2535 690 2585 unte
704 2535 734 2586 te
748 2536 909 2602 praetorem
923 2531 1064 2588 redimere

200 2628 330 2702 spiratis
349 2630 490 2698 solebant,
504 2627 592 2684 iidem
613 2627 722 2700 seipsos
734 2643 753 2681 s
775 2631 804 2684 te
819 2627 912 2698 pretio
929 2628 1065 2702 imposito

147 2739 188 2800 38
200 2728 390 2784 redemerunt.
432 2725 509 2798 Quid
523 2722 614 2799 ergo?
634 2743 653 2781 a
667 2725 864 2793 Tissensibus,
881 2743 1022 2798 perparva
1035 2731 1067 2784 et

198 2824 281 2882 tenui
292 2824 424 2890 civitate,
444 2824 494 2879 sed
509 2823 665 2882 aratoribus
682 2823 921 2892 laboriosissimis,
935 2824 1064 2898 frugalis·

197 2920 333 2994 simisque
346 2918 520 2986 hominibus,
540 2935 637 2993 nonne
655 2923 727 2991 pius,
742 2921 815 2978 lueri
835 2921 961 2987 nomine,
975 2921 1061 2995 eripi·

197 3021 252 3084 tur,
272 3034 356 3091 quarn
377 3020 514 3090 quantum
534 3007 807 3086 immenti‘omnino
827 3014 1003 3076 exararunt?
1024 3019 1063 3082 ad

196 3131 267 3191 quos
292 3119 322 3172 tu
346 3115 537 3172 deeumnnum
561 3113 739 3188 Diognetum
762 3116 923 3174 Venerium
947 3114 1066 3185 misisti,

195 3208 405 3289 novumgenus
417 3212 573 3286 publicani.
614 3213 673 3272 Cur
683 3215 739 3272 boo
750 3219 866 3272 auctore
877 3232 935 3270 non
947 3213 1060 3270 Romae

195 3328 306 3387 queque
318 3312 397 3371 servi
410 3311 519 3386 publioi
538 3313 575 3369 ad
593 3312 751 3386 vestigatis
772 3307 933 3372 nonedam-t?
965 3312 1058 3368 Anno

194 3411 324 3470 seeundo
337 3410 492 3471 Tissenses
503 3410 569 3470 H·S
580 3429 637 3468 xxr
647 3409 720 3469 lueri
730 3409 798 3464 dere
808 3413 948 3481 eoguntur
957 3407 1056 3467 inviti.

197 3509 284 3570 tertio
302 3525 379 3572 anuo
393 3527 442 3570 oro
451 3527 499 3570 ero
513 3527 561 3569 oro
575 3505 752 3570 medimnum
766 3507 865 3578 tritioi,
879 3507 952 3567 lueri
973 3507 1069 3583 Diog-
