2438 4206
378 307 450 360 scr.
467 309 496 357 u.
513 303 610 356 unca
623 305 773 358 rasurus.
974 307 1013 374 π

145 461 198 516 ant
217 456 349 532 quamvis
371 473 491 526 noceas,
514 456 564 532 qni
584 457 671 514 modo
689 453 811 530 judicia.
823 453 934 514 Bonam
956 455 1017 513 lore

145 560 269 628 putaret,
282 575 341 615 non
354 557 452 630 alitpra
464 555 650 614 simulatione
660 553 872 612 existimationi
882 571 915 612 se
924 553 1018 612 homi·

143 672 213 712 nuru
228 653 428 714 venditasset?
448 653 526 727 Quid
536 659 584 712 est
598 651 676 712 noct
696 655 815 727 sponsio
824 654 857 710 fit
870 655 907 710 de
920 653 1017 727 capite

146 768 182 810 ac
193 754 311 812 fortunis
321 754 388 812 tuis.
404 758 435 810 tu
443 755 526 810 sedes
538 758 568 810 et
577 750 728 828 quiescis?
748 771 808 812 uon
818 749 1017 827 persequerist

143 869 202 910 non
216 851 407 926 perseveras?
426 840 486 912 non
499 853 649 928 perquiris,
663 852 712 912 cni
725 853 834 911 dixerit
849 849 1018 927 Apronius?

142 951 207 1024 quis
220 950 366 1010 audierit?
386 953 463 1008 unde
476 953 533 1010 hoc
547 957 656 1016 natum,
669 952 913 1026 quemadmodum
926 953 1018 1025 prola-

145 1052 208 1106 tum
220 1046 280 1105 siti
301 1048 337 1105 Si
350 1048 415 1121 quis
429 1049 482 1105 tibi
495 1051 532 1106 ad
544 1067 642 1106 aurem
652 1051 834 1120 accessisset,
843 1055 874 1108 et
884 1051 1017 1121 dixisset,

149 1145 314 1217 Apronium
332 1145 478 1214 dictitare,
491 1151 520 1203 te
534 1147 590 1204 sibi
611 1165 674 1204 esse
688 1149 816 1218 socium3
836 1150 1017 1208 commoveri

150 1245 182 1298 te
208 1243 342 1316 oportuit,
366 1259 473 1301 vocare
496 1244 668 1317 Apronium,
688 1263 744 1303 nec
768 1247 851 1304 illum
872 1253 942 1306 ante
962 1248 1019 1306 tibi
1126 1245 1133 1262 ⁸

148 1341 323 1410 satisfacere,
343 1359 430 1416 quam
443 1346 474 1399 tu
487 1343 617 1402 omniurn
640 1343 850 1401 existimationi
867 1345 1020 1404 satislecis·

145 1458 203 1498 ses.
223 1458 290 1498 cum
305 1456 377 1500 uero
390 1439 421 1498 in
444 1442 505 1499 loro
528 1441 728 1510 celeberrimo,
744 1447 825 1500 tanta
848 1429 1018 1518 frequentia,

144 1538 212 1606 lroc,
236 1540 326 1597 verbo
353 1545 385 1596 et
411 1539 604 1608 simulatione,
629 1541 772 1615 Apronio,
799 1559 830 1598 re
857 1557 938 1609 vera,
963 1541 1019 1600 tibi

139 1637 293 1715 'objectum
316 1643 412 1706 esset3
432 1643 463 1696 tu
483 1656 620 1713 nmquam
641 1643 752 1698 tantam
773 1641 889 1714 plagam
910 1639 1026 1710 lucitus¹

148 1734 283 1807 accipere
305 1735 458 1808 potuisses,
470 1735 529 1792 nisi
548 1737 605 1792 lroc
626 1735 668 1792 ita
688 1737 847 1803 statuisses,
860 1737 892 1794 in
913 1755 944 1794 re
957 1743 1019 1794 lam

146 1832 304 1890 manifesta
317 1832 455 1906 quidquid
464 1832 597 1899 dixisses,
609 1836 638 1889 le
647 1833 773 1890 deterius
784 1850 847 1890 esse
857 1831 1020 1892 lactummi

147 1931 334 2003 Quaestores,
355 1932 477 2003 legatos,
495 1931 656 2003 praelector
677 1949 753 1998 auos,
775 1931 913 1999 tribunos,
933 1931 1019 1990 multi

147 2030 252 2090 missos
273 2029 413 2096 lecerunt,
426 2033 456 2085 et
472 2029 510 2084 de
530 2028 683 2101 provincia
703 2030 845 2088 decedere
858 2031 1018 2104 jusserunt,

148 2131 224 2206 quod
238 2145 335 2188 eorum
349 2130 437 2200 culpa
449 2143 482 2184 se
501 2126 596 2184 mnus
615 2128 766 2186 commode
786 2128 885 2186 audire
898 2130 1017 2188 arbitra-

145 2232 253 2296 rentur,
265 2231 316 2285 aut
328 2227 404 2301 quod
417 2241 541 2298 peccare
555 2224 622 2282 illos
635 2225 732 2299 aliqua
744 2225 776 2284 iu
790 2244 821 2284 re
828 2226 1014 2298 judicarentz

145 2331 180 2384 tu
194 2325 365 2399 Apronium,
379 2323 530 2382 hominem
548 2323 601 2382 vix
625 2321 755 2392 liberum,
775 2324 1015 2394 contaminatum,

145 2423 300 2498 perditum,
322 2405 503 2498 flagitiosum',
526 2422 575 2497 qui
598 2437 658 2482 noa
679 2424 765 2480 modo
788 2420 917 2482 animum
941 2423 1014 2485 iule-

144 2509 239 2600 grum,
249 2524 302 2580 sed
315 2541 353 2581 ne
366 2522 493 2580 animam
506 2521 623 2596 quidem
635 2537 735 2594 puram
747 2538 922 2580 conservare
932 2529 1014 2596 potis

144 2622 226 2690 isset,
239 2639 315 2690 eum,
332 2620 394 2679 ³³io
407 2625 491 2678 tanto
513 2624 564 2676 tuo
585 2619 737 2686 dedecore,
750 2636 811 2676 non
823 2620 962 2692 prolecto,
975 2638 1031 2682 ne.

146 2717 240 2778 verbd
249 2721 366 2794 quidem
377 2719 510 2792 graviore
521 2716 713 2788 appellasses:
724 2733 818 2789 neque
827 2717 903 2789 apud
916 2722 945 2774 te
954 2722 1015 2778 tam

145 2821 252 2876 sancta
265 2816 367 2889 religio
381 2813 530 2872 societatis
548 2812 702 2876 missetat
724 2813 766 2872 lui
779 2813 883 2889 capitis
902 2817 1013 2890 pericu·

144 2920 209 2977 lum
221 2915 400 2989 negligerem
418 2911 474 2970 nisi
493 2929 553 2970 rem
567 2916 627 2971 tam
640 2918 739 2972 notam
752 2931 817 2972 esse
834 2913 967 2974 omnibus
981 2923 1013 2976 et

144 3023 208 3075 tam
220 3013 401 3074 manifestam
414 3011 537 3074 videres.
565 3011 640 3072 Cum
654 3015 756 3071 eodem
768 3013 901 3086 Apronio
910 3019 1011 3087 postes

144 3169 229 3217 habere
242 3183 287 3215 nou
333 3171 383 3214 test.
414 3164 504 3212 Vitiosa
512 3164 669 3226 interpunctio,
685 3166 732 3212 sive
741 3165 822 3213 ondssa
833 3164 1012 3224 interrogationis

145 3233 200 3276 nota
213 3232 264 3290 post
278 3241 306 3284 pc
331 3227 387 3282 isset,
396 3224 491 3286 peperit

176 3307 199 3339 ³³
212 3307 239 3352 in
249 3309 332 3351 tacut
343 3304 366 3350 d
380 3303 485 3362 profecto,
495 3301 548 3362 etc]
579 3299 624 3347 llic
634 3301 694 3348 locris
708 3300 800 3348 vitiosus
815 3300 890 3356 estin
904 3313 974 3364 eaqrre
987 3317 1012 3352 se

147 3369 233 3412 torsere
240 3363 284 3409 viri
294 3362 361 3409 docti.
393 3362 495 3419 Prqfectc
510 3358 626 3406 manifeste
634 3359 711 3417 friget:
727 3365 750 3405 et
759 3359 777 3405 si
787 3359 824 3406 hic
837 3359 869 3406 nil
882 3359 930 3406 vitii
945 3365 1011 3420 eset,

146 3428 208 3470 certe
217 3427 268 3484 post
276 3427 339 3482 alque
346 3435 389 3482 pro
478 3423 537 3466 esset
546 3418 670 3476 legendum,
680 3422 705 3464 et
712 3417 871 3478 interrogative
879 3418 951 3466 omnia
959 3435 1012 3481 pro-

144 3482 271 3528 nuncianda
279 3484 359 3536 ment
373 3485 399 3526 nt
432 3484 500 3526 olom.
511 3475 591 3523 voluit
622 3477 668 3523 Sed
683 3476 789 3523 excidisse
798 3477 895 3526 arbitror
903 3492 949 3525 mn
957 3483 1012 3524 ante

142 3541 254 3646 qrqbf'esto:
269 3539 303 3643 qtq
318 3537 394 3586 omnia
408 3537 490 3584 deinde
505 3536 563 3582 bane
577 3535 709 3597 procedunt
735 3535 782 3586 uer
794 3537 885 3584 euidens
900 3540 948 3584 ests
969 3549 1011 3583 aaa

161 3613 176 3645 a
192 3597 270 3644 ‘tavia
300 3609 346 3644 are
902 3631 906 3640 .

189 3675 261 3718 von.
280 3675 310 3715 a.
534 3652 617 3730 v7⁴*
