2486 4212
399 309 464 360 sor
478 310 509 360 u.
523 309 795 366 mumoumrus.
953 315 1014 378 rm

145 460 176 514 tu
189 455 238 514 his
250 459 422 532 respondere
435 459 558 521 honeste
569 465 661 535 potes,
674 466 726 520 snt
737 461 782 520 illi
795 459 899 528 lseere,
911 458 970 518 nisi
983 465 1016 518 ut

146 560 176 614 te
191 573 227 614 so
251 557 338 616 tidem
359 563 437 616 tunm
458 558 636 633 implorent?
655 561 769 630 ndsunt,
790 566 822 620 et
844 562 1013 636 implorant.

144 660 229 729 potes
241 657 419 716 domesticae
439 659 534 718 laudis
552 659 785 734 amplitudinem,
800 661 910 736 Seipio,
929 659 1014 726 tueri,

145 757 245 828 potes:
265 755 363 814 omnis
376 756 408 814 in
430 761 460 816 te
473 761 550 826 sunt,
565 775 639 832 quae
653 763 703 816 sut
723 758 837 818 fortune
849 757 1013 818 hominibus

145 859 194 910 sut
207 860 309 914 nature
322 857 448 932 lergitm.
469 875 531 916 non
545 875 702 932 prseeerpo
715 860 839 918 iruetum
851 859 942 918 offleii
955 858 1013 916 tui:

145 970 204 1010 non
226 955 355 1012 alienum
375 956 449 1012 mihi
471 958 588 1013 laudem
610 962 732 1032 oppeto:
752 975 813 1016 non
834 963 880 1016 est
900 957 1015 1032 pudoris

144 1051 213 1117 mei,
227 1050 262 1108 P.
282 1052 433 1124 Scipione,
456 1038 658 1112 florentissimo
681 1058 878 1124 adolescente,
891 1056 965 1114 vivo
983 1059 1015 1114 et

146 1147 297 1215 ineolumi,
309 1165 357 1206 me
370 1156 608 1224 propugnatorem
631 1161 876 1230 monumentorum
901 1154 935 1211 Ρ.
951 1153 1015 1212 Sei·

146 1243 254 1320 pionis,
277 1246 514 1322 defensoremque
541 1249 678 1321 profiteri.
732 1249 967 1322 Quamobrem
988 1253 1015 1310 si

146 1343 269 1416 suscipis
282 1345 460 1402 domesticae
477 1345 571 1403 leudis
583 1346 785 1420 petrosinium,
795 1365 842 1406 me
854 1366 914 1407 non
924 1353 1017 1408 solum

144 1439 232 1498 silere
245 1423 283 1498 de
297 1443 403 1500 vestris
413 1443 610 1502 monumentis
623 1446 777 1518 oportebit,
791 1447 843 1502 sed
857 1447 945 1504 etism
959 1450 1016 1506 lue·

145 1541 211 1607 turi,
225 1540 259 1597 Ρ.
276 1541 410 1600 Airieoni
418 1542 558 1616 ejusmodi
569 1561 633 1600 esse
647 1542 773 1602 fortunus
783 1545 896 1614 mortui,
909 1551 941 1602 ut
954 1545 1015 1618 ejus

142 1638 238 1695 honos
258 1641 296 1696 sb
313 1640 360 1707 iis,
373 1641 422 1714 qui
443 1659 482 1698 ex
503 1643 607 1700 endem
625 1642 739 1700 semilis
754 1643 822 1712 sint,
835 1644 1014 1713 defendetur,

142 1753 242 1810 neque
255 1739 345 1795 ullum
366 1739 567 1796 adventicium
586 1740 745 1813 requiretur
768 1741 917 1806 auxilium.
960 1741 1014 1800 Sin
1057 1791 1059 1798 .
1090 1805 1094 1814 ,

143 1833 231 1891 istius
245 1834 376 1892 smieitie
388 1839 418 1893 te
431 1835 590 1909 impediet:
609 1836 636 1894 si
649 1839 715 1905 hoe,
725 1839 800 1910 quod
813 1839 865 1895 ebs
879 1843 909 1896 te
921 1844 1015 1912 postu·

143 1933 186 2000 lo,
197 1932 292 1990 minus
303 1934 340 1990 nd
353 1933 478 1992 officium
493 1940 572 1991 tuum
586 1935 730 2006 pertinere
744 1934 934 2006 arbitrabere3
953 1953 1016 1994 suo·

143 2032 252 2088 eodum
273 2049 328 2106 ego
352 2031 477 2089 vicarius
502 2036 551 2090 tuo
573 2034 704 2091 muneri:
731 2034 886 2107 suseipism
909 2039 1015 2108 perles,

112 2145 115 2152 ·
140 2147 215 2205 quus
228 2130 339 2188 alienus
349 2147 414 2187 esse
429 2128 623 2188 “amineum
658 2132 687 2190 N
689 2149 724 2190 se
732 2131 789 2190 ists
802 2135 949 2206 prseelnrs
963 2151 1014 2191 no·

140 2229 244 2287 bilitss
257 2230 373 2287 desinat
391 2230 481 2303 queri,
504 2232 641 2302 populum
665 2231 829 2288 Romanum
850 2231 1013 2290 hominibus

142 2328 235 2386 novis
249 2333 335 2400 atque
349 2326 497 2386 industriis
509 2327 635 2384 libenter
648 2329 770 2386 honores
782 2330 928 2397 mundare,
942 2346 1014 2386 sem·

139 2441 254 2500 perque
263 2425 425 2484 madens.
466 2425 535 2482 Non
545 2430 590 2482 est
600 2426 872 2500 querendumines
881 2426 1014 2496 oivitute,

139 2541 221 2599 quse
245 2528 360 2597 propter
383 2522 519 2582 virtutem
541 2523 675 2582 omnibus
696 2523 861 2582 ustionibus
883 2524 1014 2599 imperat,

138 2623 283 2680 virtutem
304 2621 459 2695 plurimum
482 2639 576 2695 posse.
619 2622 666 2678 Sit
685 2624 762 2694 spud
783 2621 856 2680 alios
869 2621 966 2696 imago
978 2621 1013 2679 Ρ.

140 2720 300 2779 Afriesni:
330 2725 469 2777 ornentur
488 2719 539 2776 ulii
563 2717 667 2776 mortui
690 2718 798 2776 virtute
824 2735 860 2775 so
887 2717 1014 2778 nomine.

137 2820 215 2878 tslis
227 2819 279 2878 ille
293 2820 340 2876 vir
352 2819 423 2876 tuit:
444 2819 485 2876 its
498 2820 536 2876 de
556 2821 662 2891 populo
683 2818 816 2876 Romano
830 2817 947 2876 meritus
960 2823 1014 2886 est.

139 2925 177 2978 ut
191 2935 251 2975 nou
261 2918 311 2975 uni
326 2917 462 2984 familiae,
475 2918 525 2974 sed
537 2916 690 2974 universae
703 2915 817 2974 civitati
832 2919 1013 2975 eommends·

138 3025 193 3078 tus
207 3035 271 3074 esse
291 3018 406 3074 debent.
447 3015 500 3073 Est
522 3016 618 3092 ulique
642 3033 707 3072 mes
728 3014 916 3088 persenilis,
937 3017 1012 3090 quod

136 3117 207 3192 ejus
220 3115 352 3173 civitatis
371 3133 443 3182 sum,
463 3132 548 3189 quam
571 3115 622 3172 ille
645 3116 780 3188 emplum,
792 3113 941 3181 illustrem,
954 3118 1012 3172 ols-

112 3233 119 3240 ἱ
169 3269 195 3302 ⁸⁶
209 3268 342 3316 arbitratur.
374 3267 425 3314 Noe
433 3267 476 3314 istu
483 3267 530 3326 pse]
562 3267 600 3314 Sic
608 3265 717 3334 rescripsi,
727 3279 769 3326 pro
777 3265 869 3335 vulgato
877 3265 1011 3336 ordiuntur,

134 3328 230 3383 mesu,
239 3329 298 3389 quod
308 3327 372 3374 nullo
388 3327 457 3373 modo
472 3325 582 3372 eonsentit
591 3324 746 3385 aquenubus:
762 3338 804 3391 nee
813 3324 884 3370 lrosm
893 3324 930 3394 lue
940 3324 1015 3393 leem*

136 3387 222 3437 lssbet.
253 3387 357 3443 Suhjeetn
366 3385 424 3432 sntio
433 3399 477 3432 non
484 3383 581 3445 patitur:
592 3397 667 3430 nesus
675 3382 805 3430 adfirmem
813 3395 875 3428 sensu
881 3383 923 3429 drer
929 3389 1009 3444 potest.

136 3445 168 3494 ln
177 3443 215 3490 ed.
226 3458 260 3513 pr.
270 3443 419 3513 interpunctio
424 3447 460 3514 est
470 3457 506 3499 en,
514 3456 579 3504 quam
589 3439 636 3488 leui.
668 3439 706 3486 Ne
714 3440 756 3511 seri
772 3445 818 3488 mm
832 3447 867 3509 est
875 3457 916 3512 pro
926 3457 975 3500 nse,
986 3449 1011 3492 ut

135 3513 214 3562 '³⁰⁹‘
230 3517 252 3548 ¹¹*
266 3500 1012 3615 ”illimemdiffitfmllmtd

133 3563 923 3685 iie‘siifflissmsquetpsnmsnssmsmms
