2486 4212
217 344 277 407 las
548 343 583 397 m
599 339 742 396 vannum
847 319 851 328 '

214 505 269 563 que
282 503 336 559 res,
349 505 422 566 quae
436 491 558 569 alioujns
571 494 656 568 pretii
669 493 784 562 luerint,
798 495 858 549 tota
871 505 911 548 ex
923 477 1078 564 provincia

184 581 365 647 boo‘e'misae.
405 591 515 652 Videte
541 594 680 666 majorum
705 590 896 666 diligentiam,
927 587 977 664 qui
1003 585 1080 646 nihil

211 689 281 744 uum
294 687 382 745 etiarn
396 687 556 748 istiusmodi
565 677 798 764 suspicabantur}
818 691 1019 746 verumtamen
1032 702 1078 756 ea,

212 801 286 860 quae
299 787 397 860 parvis
410 787 442 846 in
455 790 538 846 rebus
561 789 694 847 aooidere
719 791 860 862 poterant,
875 786 1076 861 providebunt.

213 883 379 954 Neminem,
393 887 442 961 qui
455 887 521 944 oum
532 891 674 960 potestate
687 891 736 944 aut
750 885 896 960 legatione
918 884 949 942 in
962 884 1078 958 provin·

212 971 288 1042 eiam
302 987 378 1042 esset
391 985 541 1057 proiectus,
555 990 614 1042 tam
634 991 780 1043 amentem
806 986 866 1041 lore
893 986 1077 1058 putaverunt,

212 1086 244 1139 ut
264 1087 372 1140 emeret
394 1087 559 1157 argentum3
579 1084 699 1140 dabatur
722 1081 802 1140 euim
825 1083 862 1138 de
888 1081 1023 1155 publico:
1043 1084 1075 1138 ut

212 1183 342 1250 vestem
362 1177 552 1253 praebebatur
564 1181 643 1240 enim
667 1181 786 1256 legibus.
808 1179 984 1254 mancipium
997 1169 1077 1253 puta·

212 1282 332 1348 verunt3
351 1277 439 1353 l'quo
452 1285 482 1336 et
501 1297 602 1338 omnes
625 1279 741 1348 utimur,
764 1283 794 1336 et
814 1295 874 1336 non
895 1279 1076 1352 praebetura

212 1379 327 1450 popolo.
382 1378 557 1446 Sannorum,
585 1395 627 1434 nn
648 1395 720 1444 oure
742 1395 869 1434 euenor
893 1393 1077 1443 nauclerum,

213 1489 277 1532 urar
298 1490 331 1531 ru
352 1492 511 1534 nnnosuur
531 1493 645 1533 uocum·
686 1475 782 1549 siqui
806 1476 918 1533 Rornae
939 1481 1016 1532 esset
1029 1476 1077 1532 de·

212 1569 361 1632 nonnos?
379 1573 477 1640 immo,
490 1573 587 1648 siquis
599 1572 717 1630 ibidein.
728 1589 790 1636 non
801 1575 880 1638 enim
894 1577 924 1631 te
936 1573 1076 1630 instruere

212 1672 329 1730 domum
342 1674 419 1729 tuam
433 1673 585 1729 voluemnt
598 1670 630 1728 in
644 1671 814 1744 provincia3
833 1673 885 1728 sad
900 1671 982 1730 illum
993 1684 1076 1730 usum

212 1768 384 1844 provinciae
397 1772 538 1844 supplere.
580 1771 663 1842 Quae
686 1768 739 1826 luit
753 1785 849 1836 causa,
862 1785 914 1826 our
936 1772 996 1824 tarn
1015 1768 1079 1826 dili·

213 1873 317 1944 genter
329 1885 381 1926 uos
401 1867 434 1925 in
448 1868 607 1942 provinciis
626 1870 663 1925 ab
677 1866 849 1925 emtionibus
873 1862 1079 1924 removerent?

214 1967 297 2035 haee,
312 1967 437 2040 judiees,
458 1968 533 2040 quod
559 1966 698 2039 putabant
719 1964 897 2038 ereptionem
924 1983 997 2032 esse,
1019 1981 1079 2024 nou

214 2065 382 2131 emtionem,
395 2079 462 2120 oum
476 2063 621 2120 venditori
635 2080 686 2119 suo
709 2063 845 2121 arbitratu
869 2065 995 2121 vendere
1019 2081 1078 2121 nou

213 2161 327 2221 liceret.
368 2163 403 2218 ln
431 2161 589 2234 provinciis
610 2159 821 2234 intelligebant,
833 2163 858 2219 si
884 2163 919 2229 is,
940 2163 988 2237 qui
1002 2166 1079 2220 esset

215 2271 281 2317 enm
303 2258 424 2332 imperio
437 2275 472 2316 ao
486 2263 638 2333 potestate,
658 2260 732 2333 quod
746 2261 820 2332 apud
841 2278 981 2334 quemque
995 2264 1080 2329 esset,

216 2375 313 2416 emere
328 2359 428 2424 vellet,
442 2357 527 2432 idque
541 2357 569 2414 ei
583 2358 700 2414 liceret:
723 2357 792 2425 lore,
806 2359 860 2425 uti,
874 2360 948 2434 quod
963 2345 1084 2432 quisque

215 2458 316 2520 vellet,
329 2455 394 2513 sive
407 2460 483 2512 esset
497 2457 612 2522 venale,
625 2455 689 2512 sive
711 2471 770 2511 non
793 2461 879 2523 esset,
899 2455 999 2530 quanti
1020 2457 1080 2513 vel·

212 2556 267 2622 let,
280 2552 412 2610 auferret.
453 2552 536 2610 Dioit
549 2552 661 2626 aliquis,
675 2551 736 2609 noli
749 2551 805 2609 isto
819 2554 904 2610 modo
914 2569 1000 2627 agere
1013 2570 1081 2611 cum

216 2651 320 2710 Verre.
332 2651 394 2709 noli
407 2650 468 2724 ejus
481 2651 559 2708 laeta
571 2651 608 2707 ad
623 2650 757 2724 antiquae
771 2650 919 2724 religionis
939 2651 1082 2710 rationem

217 2750 384 2826 exquirere:
404 2751 544 2818 oouoede,
558 2753 589 2805 ut
602 2748 719 2822 impune
733 2748 843 2816 emerit,
858 2749 943 2806 modo
962 2753 995 2806 ut
1007 2750 1084 2806 bona

125 2831 131 2844 ⁸
218 2849 330 2905 ratione
350 2848 461 2916 emerit,
485 2847 559 2904 nihil
580 2862 633 2919 pro
653 2851 804 2918 potestate,
828 2845 902 2902 nihil
926 2848 963 2903 ab
978 2846 1084 2916 invito,

219 2944 293 3002 nihil
315 2961 366 3016 per
390 2943 532 3016 iujuriam.
574 2943 625 2999 Sin
639 2960 731 3015 agam.
773 2941 807 2999 Si
833 2943 901 3017 quid
915 2946 1021 3001 venale
1035 2945 1084 3000 ha·

219 3040 284 3099 buit
303 3039 405 3112 Hejua,
425 3039 451 3097 si
476 3040 517 3107 id,
530 3038 630 3113 quanti
653 3040 832 3108 aestimabat,
846 3040 919 3097 tanti
934 3041 1085 3098 vendidit:

192 3138 326 3219 5desino
338 3153 482 3214 quaerere,
496 3151 547 3193 our
568 3136 681 3193 emeris.
723 3136 800 3207 Quid
819 3137 907 3210 igitur
919 3138 1002 3194 nobis
1016 3138 1086 3196 laoi·

107 3240 109 3248 ’
223 3239 330 3298 undum
342 3233 409 3294 est?
428 3252 498 3294 uum
508 3233 682 3308 argumentis
691 3235 828 3291 utendum
838 3234 870 3292 in
881 3253 911 3290 re
925 3232 1088 3307 ejusmodi?

226 3335 428 3410 Quaerendum
441 3339 494 3404 est,
507 3332 604 3402 eredo,
618 3331 709 3406 Hejus
722 3332 777 3389 iste
800 3349 871 3390 num
896 3348 946 3389 aes
959 3333 1089 3392 alienum

255 3509 277 3542 ¹2
347 3513 394 3554 eto.
406 3521 430 3554 u.
441 3505 621 3567 smyrna]
652 3495 884 3565 ouriueuleeoeunt,
897 3518 940 3565 qno
953 3508 1006 3553 du.
1023 3508 1044 3552 el
1061 3517 1087 3552 ra

222 3583 259 3626 pr.
306 3565 415 3628 uspieatm
424 3565 547 3626 nummuli
562 3564 635 3628 (quia)
650 3562 764 3623 maella.
1170 3575 1172 3579 ·
