2438 4206
377 369 771 424 uenirent-rursusne.
971 371 1010 436 pr

145 519 252 580 Verris
265 537 316 596 per
339 521 395 580 hoc
413 521 557 596 judicium
578 523 657 581 nolle
678 521 750 579 fieri.
791 515 872 579 'l'ote
896 515 1015 578 Metelli

95 625 98 632 ’
148 619 262 690 cohors,
286 621 435 679 hominum
458 613 517 679 non
540 621 727 696 ingratorum,
748 619 849 678 sderst
873 616 1015 693 Apronio.

148 717 184 776 C.
205 718 329 787 Gellius,
342 721 430 778 homo
449 717 540 777 nostri
552 717 671 788 ordinis,
686 735 703 776 s
717 734 770 776 suo
792 715 1017 776 familiarissimo

144 815 180 874 1..
193 816 317 876 Metello
325 818 469 892 judicium
483 835 523 876 ex
546 817 644 876 edicto
658 835 718 876 non
737 821 833 892 potest
851 815 1016 890 impetrare.

143 914 215 974 Non
225 918 406 991 reprehendo
420 917 584 975 Metellum.
598 915 731 991 pepercit
741 915 854 974 homini
868 914 974 983 emico,
987 916 1018 971 et

142 1016 385 1089 quemadmodum
398 1015 493 1088 ipsum
505 1015 603 1072 dicere
623 1015 734 1083 audivi,
757 1013 933 1073 necessario.
955 1028 1017 1070 non
1089 1021 1093 1032 “
1213 1067 1214 1094 ,

143 1112 337 1184 reprehendo,
349 1112 476 1186 inquam,
489 1111 659 1170 Metellumr
679 1113 733 1171 sed
746 1114 803 1170 hoc
827 1111 924 1180 miror,
949 1127 1017 1186 quo·

146 1209 244 1275 modo,
256 1209 295 1265 de
308 1225 364 1284 quo
376 1208 495 1266 homine
507 1209 716 1282 praejudicium
738 1211 863 1269 noluerit
883 1209 947 1268 iteri
965 1227 1018 1283 per

147 1309 373 1380 recuperatores,
393 1307 430 1364 de
452 1307 509 1364 hoc
534 1307 598 1380 ipso
618 1322 677 1365 non
696 1309 782 1366 modo
804 1308 1018 1382 praejudicarit,

145 1421 248 1462 verum
260 1405 432 1480 gravissime
446 1421 481 1463 sc
494 1403 753 1463 vehementissime
766 1405 916 1480 judicarit.
956 1405 1018 1462 Pri·

145 1518 224 1562 mum
238 1503 367 1573 enimsi
381 1503 546 1579 Apronium
566 1504 728 1561 absolutum
742 1503 778 1561 iri
791 1508 922 1578 poteret:
943 1501 1018 1562 nihii

145 1605 217 1670 erut,
230 1604 305 1678 quod
319 1605 409 1661 ullum
429 1601 639 1676 praejudicium
663 1607 821 1661 vereretur.
841 1601 958 1672 deinde,
982 1601 1019 1674 si,

145 1701 340 1759 condemnato
365 1699 506 1775 Apronio,
538 1701 727 1774 conjunctum
755 1717 823 1760 oum
853 1719 890 1759 eo
913 1701 1017 1760 Verris

148 1813 268 1856 causum
286 1815 387 1856 omnes
408 1801 491 1855 erent
511 1797 720 1855 existimaturi:
742 1797 880 1856 Meteltus
899 1800 1017 1874 quidem

145 1900 226 1954 certe
240 1895 306 1970 jum
319 1897 375 1955 hoc
390 1895 553 1969 judicabat,
566 1912 666 1954 eorum
689 1913 751 1954 rem
764 1911 936 1971 osummque
951 1915 1015 1956 esse

145 1995 349 2072 conjunctum:
379 1993 428 2069 qui
451 1993 593 2063 statuerit,
607 1993 740 2070 Apronio
760 1995 964 2064 condemnato,
978 1997 1016 2056 de

143 2093 200 2152 isto
222 2093 430 2170 praejudicium
448 2094 582 2177 futurum.
604 2097 634 2150 et
657 2092 743 2152 simut
764 2109 824 2152 uns
844 2111 889 2152 res
903 2091 1015 2169 utrique

142 2193 186 2252 rei
207 2197 252 2252 est
273 2196 458 2266 argumento:
480 2195 510 2249 et
534 2195 662 2249 emtores
683 2190 716 2249 vi
737 2197 768 2249 et
791 2197 871 2250 metu
893 2197 1013 2252 enectos

144 2291 277 2366 Apronio
299 2293 391 2350 mutto
417 2292 492 2364 plus,
520 2305 607 2365 quum
630 2289 792 2358 debuerint,
818 2291 952 2348 dedisse:
983 2297 1015 2350 et

144 2389 307 2464 Apronium
319 2389 401 2447 istius
415 2406 476 2446 rem
489 2403 541 2445 suo
554 2386 673 2444 nomine
687 2387 790 2462 egisse,
808 2405 876 2446 oum
889 2391 925 2448 1..
951 2387 1015 2447 Me-

146 2490 231 2546 tellus
243 2487 384 2554 statuerit,
398 2505 456 2545 non
469 2503 554 2560 posse
567 2485 730 2560 Apronium
737 2488 935 2557 condemnari,
943 2489 1014 2564 quin

143 2585 229 2646 simui
250 2586 287 2643 de
304 2586 386 2644 istius
400 2587 510 2644 scelere
524 2589 610 2658 etque
623 2584 808 2658 improbitate
822 2586 1012 2661 judicaretur.

139 2715 142 2720 -
180 2685 281 2744 usuro
294 2701 372 2744 nune
386 2683 588 2758 adoptatorum
598 2667 1064 2756 urmamirorsnueroutsusre

145 2788 177 2842 et
190 2783 324 2841 accensi:
344 2783 382 2840 de
399 2799 457 2858 qno
479 2799 547 2840 cum
565 2779 680 2848 dixero,
704 2785 795 2840 totum
819 2782 877 2840 hoc
899 2783 1012 2843 crimen

144 2883 336 2940 decumanum
356 2877 552 2955 ”perorabo
594 2877 679 2938 Huec
690 2879 812 2954 epistole
825 2885 878 2950 est,
885 2881 1012 2956 judices,

141 2997 229 3058 quum
241 2998 294 3038 uos
310 2979 461 3054 Syracusis
475 2979 507 3036 iu
521 2977 640 3036 aedibus
655 2979 790 3054 Apronii,
810 2998 879 3040 cum
899 2981 1010 3040 titteris

140 3079 382 3154 conquireremus,
390 3078 564 3138 invenimus.
574 3078 662 3136 missa
675 3083 728 3147 est,
742 3087 774 3140 ut
786 3078 1011 3155 ipsssigniticst,

140 3177 307 3246 exitinere,
320 3195 387 3236 cum
397 3175 507 3235 Verres
525 3176 589 3250 jum
602 3177 639 3234 de
653 3176 807 3251 provincis
826 3178 1010 3252 decessisset,

168 3329 210 3366 *θ
221 3331 345 3391 perorato]
360 3329 390 3376 Ε.
401 3328 450 3377 Ms.
459 3328 483 3376 N
484 3327 552 3386 ennii,
562 3328 589 3375 0.
600 3329 678 3390 Steph.
688 3328 828 3376 etGrserius
836 3342 941 3392 recepere
947 3348 1010 3391 pers·

136 3507 200 3555 noim
208 3505 259 3552 libri
267 3479 422 3551 a'uotoritstem
431 3507 518 3552 secutus
527 3504 649 3564 repudiem.
681 3503 762 3556 Quint.
775 3507 808 3555 lo.
819 3510 875 3552 extr.
895 3467 1009 3558 tuffam

140 3565 240 3621 aarum,
247 3564 360 3622 peremto,
370 3563 386 3608 i.
397 3577 418 3608 e.
428 3565 493 3610 finem
504 3561 584 3609 iscium
593 3562 688 3620 dicendi,
706 3563 788 3610 finism.
818 3565 918 3614 Herem
936 3569 954 3626 Ι,
972 3571 1007 3618 10.

135 3621 408 3682 pemmnmrsotionem,
419 3620 434 3667 i.
447 3635 468 3667 e.
479 3621 548 3669 finire.
580 3621 1008 3676 contuetuuutdeesusmreses

134 3683 295 3734 maturum
303 3693 346 3730 eser
353 3679 474 3730 diem.-
488 3693 534 3730 non
544 3681 682 3731 modestos
