2460 4200
315 309 318 314 ·
396 297 469 347 ΑΟΤ.
485 296 517 348 ΙΙ.
530 297 629 350 blm
642 296 791 350 mnus.
1007 297 1025 358 ἶ

162 461 246 506 nem
260 447 396 521 pluribus,
407 463 496 522 qnam
521 449 623 516 vellet,
635 446 784 506 observari
795 443 890 504 oculis
912 442 1033 504 eruin-

162 547 258 604 batnr.
299 546 397 620 Atque
410 546 523 604 illebis
536 547 688 621 praesidiis
710 545 823 620 ingenii
844 544 1032 616 fortunaeque

168 643 304 712 munitus,
324 649 423 702 temen
448 646 504 704 bac
526 663 597 704 cura
619 645 832 712 continebatur,
858 659 943 718 qnam
966 640 1034 708 sibi,

168 744 295 800 nondum
311 744 482 802 confirmato
494 744 627 814 comilis,
640 746 692 802 sed
712 744 831 802 ineunte
850 746 956 808 estate,
975 757 1035 798 sua-

41 915 46 922 ·
167 846 293 914 ceperat.
336 843 403 914 Quo
424 842 520 900 minus
533 843 622 901 etiem
642 841 813 917 perspicitur
832 857 931 898 eorum
944 839 1036 898 virtus

49 931 54 938 ’
171 945 201 996 et
214 938 376 1014 integritas,
389 941 439 1016 qui
463 943 502 1000 ed
524 943 601 1000 banc
623 960 686 999 rem
709 938 929 1005 adolescentuli,
951 952 1037 1011 quem

169 1038 219 1112 qui
234 1039 299 1110 jem
311 1040 424 1097 firmata
449 1045 545 1098 aetate
568 1043 756 1100 descendunt.
780 1040 825 1098 illi
846 1039 935 1105 enim,
958 1039 1038 1096 ente·

170 1153 258 1210 quam
270 1141 426 1208 potuerunt
446 1139 622 1208 existimare,
645 1143 753 1214 quanto
776 1139 893 1197 liberior
913 1137 976 1194 vita
999 1135 1038 1193 sit

172 1249 281 1301 mm,
294 1233 344 1307 qui
357 1235 505 1292 neminem
531 1238 703 1305 accusarint,
724 1239 832 1311 gloriae
840 1219 934 1294 'eam
952 1240 1039 1309 etque

84 1392 90 1397 ,
172 1332 378 1392 ostentationis
392 1340 550 1391 accusant:
574 1353 636 1403 nos,
650 1335 698 1409 qui
715 1336 787 1408 jem,
800 1336 911 1409 etquid
934 1335 1040 1401 tacere,

173 1435 205 1488 et
218 1433 387 1505 quantulum
404 1431 538 1504 judicare
552 1451 708 1507 possemus,
723 1433 909 1501 ostendimus,
923 1433 981 1491 nisi
1001 1433 1040 1490 la·

174 1529 233 1588 cile
247 1530 421 1604 cupiditates
435 1537 547 1590 nostres
560 1537 733 1601 teneremus,
747 1550 902 1607 numquam
924 1532 1041 1606 ipsimet

174 1629 260 1688 nobis
286 1627 518 1703 praecideremus
539 1632 626 1689 istem
649 1631 799 1690 licentiam
821 1632 1041 1705 libertatemque

175 1727 309 1784 vivendi.
354 1730 451 1802 Atque
470 1709 530 1786 boc
549 1747 604 1803 ego
627 1731 691 1802 plus
713 1729 810 1788 cuens
833 1731 937 1796 babeo,
956 1723 1073 1804 quem2

178 1824 229 1898 qui
241 1829 355 1882 eeteros
379 1831 551 1882 accusarunt
570 1823 609 1902 (si
622 1844 694 1884 onus
716 1832 760 1884 est
779 1827 811 1884 id
830 1828 1042 1899 appellandum,

178 1925 257 1998 qnod
281 1941 348 1980 cum
361 1923 474 1980 laetitia
493 1923 566 1980 seres
587 1941 623 1982 ac
648 1921 826 2002 voluptateq)
845 1929 1044 1982 verumtamen

177 2022 234 2080 boc
248 2039 305 2096 ego
317 2021 439 2095 amplius
459 2023 583 2096 suscepi,
597 2041 683 2098 quem
695 2023 786 2081 ceteri
798 2043 807 2092 ς
827 2023 903 2097 quod
922 2022 964 2079 ita
982 2039 1045 2096 poa·

177 2122 285 2178 orietur
307 2121 344 2177 sb
356 2119 499 2189 omnibus,
513 2124 544 2178 ut
556 2123 594 2178 nb
606 2121 644 2178 iis
668 2139 700 2178 se
723 2122 890 2179 abstineant
916 2120 1044 2180 maxime

180 2218 272 2286 vitiis,
293 2217 439 2292 inquibus
453 2220 574 2277 alterum
587 2221 832 2294 reprehenderint.
874 2221 981 2276 Furem
994 2218 1045 2276 ali·

179 2334 266 2391 quem
279 2320 328 2373 aut
341 2334 476 2390 rapacem
489 2316 655 2376 enumeris?
669 2319 791 2376 vitanda
804 2318 858 2376 tibi
867 2335 981 2391 semper
989 2316 1046 2374 erit

180 2415 275 2474 omnis
298 2413 441 2472 everitiee
464 2415 600 2489 suspicio.
641 2415 985 2492 Maleficumquempiam
998 2416 1047 2473 nd·

181 2511 309 2580 dureris,
322 2517 373 2570 eut
386 2511 553 2572 cnrdelemi
571 2516 736 2572 cavendum
745 2517 799 2573 erit
813 2532 935 2588 semper,
944 2529 1047 2589 neque

181 2611 213 2669 in
226 2629 258 2668 re
278 2610 406 2684 asperior
428 2618 478 2670 aut
496 2613 681 2670 inhumanior
700 2613 789 2670 luisse
809 2613 937 2669 videare.
978 2614 1048 2671 Cor·

181 2714 337 2783 ruptorem,
363 2709 551 2768 adulterum?
583 2711 794 2784 providendum
820 2711 984 2783 diligenter,
1010 2727 1048 2768 ne

182 2809 262 2881 quod
282 2807 314 2864 in
336 2807 400 2864 vite
423 2806 579 2880 vestigium
602 2807 732 2864 libidinis
756 2813 901 2882 appareat.
942 2807 1048 2866 Omnis

184 2909 340 2980 postremo,
360 2922 434 2978 quae
448 2904 605 2964 vindiceris
629 2907 661 2964 iu
686 2909 785 2975 altero,
809 2905 862 2967 tibi
882 2907 938 2981 ipsi
961 2909 1048 2966 vehe-

182 3009 298 3062 menter
311 3003 449 3076 lngienda
461 3009 537 3062 sunt.
577 3006 697 3063 Etenim
718 3024 776 3064 non
791 3007 876 3064 modo
889 3013 1048 3075 aecusator,

154 3093 157 3099 ’
184 3104 238 3160 sed
251 3121 289 3160 ne
302 3103 466 3178 objurgator
477 3103 593 3179 quidem
604 3105 738 3164 terendus
751 3111 797 3162 est
808 3105 843 3172 ie,
855 3105 914 3178 qui,
929 3107 1005 3178 quod
1017 3105 1049 3162 in
1071 3157 1078 3174 ,

184 3204 277 3259 altero
292 3202 394 3260 vitium
415 3204 608 3276 reprehendit,
622 3205 653 3261 iu
674 3223 711 3261 ec
730 3204 793 3278 ipse
816 3204 1048 3276 deprehenditur.

185 3299 249 3374 Ego
263 3300 293 3357 in
306 3320 364 3358 uno
387 3302 505 3358 bomine
518 3303 618 3358 omnis
642 3301 724 3368 vitia,
737 3319 811 3376 quae
825 3307 944 3373 possunt
956 3301 987 3358 in
1001 3303 1051 3358 bo·

187 3399 268 3455 rnine
296 3399 409 3472 perdito
435 3397 601 3473 nefarieque
623 3417 695 3466 esse,
719 3400 913 3472 reprebendo:
942 3402 1052 3457 nullum

185 3513 249 3554 esse
270 3497 338 3554 dico
351 3495 493 3556 indicium
514 3496 654 3565 libidinis,
668 3497 795 3565 sceleris,
814 3499 963 3565 audaciae,
977 3500 1053 3572 quod
