2418 4208
225 253 291 320 orl
562 258 597 310 lu
610 257 752 314 mltum

224 403 352 477 modom
367 403 512 481 judicium
525 408 620 468 velint
642 411 773 481 sorella
788 412 847 470 sint
867 413 971 486 psrrti,
983 413 1017 472 ut
1035 408 1090 472 uls

223 509 362 577 orepoute
384 507 491 580 populo
512 507 654 578 Romano,
673 527 788 568 meeum
808 510 866 568 sibi
888 529 950 568 rem
970 513 1093 569 videant

222 698 318 758 Siouli
338 703 488 774 dederunt,
501 705 571 764 sutis
587 705 799 774 vehementem,
812 705 885 764 setis
906 725 1093 780 perseverum·

219 804 291 867 tem,
304 801 374 858 setis
397 802 568 878 vigilantem
590 819 654 860 esse
666 809 844 877 euguoruut3
865 804 1042 872 existiment,
1056 805 1090 863 in

221 899 269 960 llis
283 901 456 972 homiuibus,
469 919 587 978 quorum
600 919 657 976 ego
670 901 850 971 inimisitius,
870 903 970 976 populi
987 903 1092 960 Rouso-

221 1000 255 1058 ni
276 1001 377 1058 salotis
403 1017 499 1069 seusu,
519 1018 684 1076 suscepero,
709 1004 801 1060 multo
823 1001 988 1077 graviorem
1006 1007 1091 1077 utque

221 1097 508 1156 serioremluturum.

171 1191 212 1256 72
262 1197 351 1254 Nune
365 1201 405 1264 te,
413 1197 529 1270 Jupiter
539 1198 658 1272 Optime
678 1197 910 1272 Maximum
919 1197 1092 1256 isterlunum

223 1297 330 1370 regale,
343 1295 463 1370 dignum
487 1301 537 1354 tuo
552 1297 747 1370 pulcherrimo
759 1299 877 1369 templo,
897 1297 1021 1370 dignum
1033 1297 1088 1354 Ge·

222 1393 328 1469 pitolio
340 1398 426 1469 utque
436 1395 567 1452 istoarse
578 1395 706 1452 omnium
715 1395 874 1462 ustiouum,
884 1394 1003 1468 dignum
1015 1394 1093 1468 regio

222 1509 354 1560 munere,
376 1493 431 1549 tibi
450 1493 559 1550 suetum
583 1494 620 1549 sb
644 1494 767 1567 regibus,
781 1492 836 1549 tibi
858 1491 988 1550 diuetum
1011 1496 1095 1566 utque

221 1589 401 1663 promissum,
412 1607 464 1663 per
476 1589 617 1648 notorium
630 1593 727 1648 soelus
739 1591 777 1648 de
788 1589 878 1663 regiis
898 1590 1031 1647 menibus
1044 1607 1092 1646 ex·

222 1687 321 1757 torsit3
340 1689 479 1763 ou'usque
499 1687 715 1748 sanctissimum
727 1692 759 1745 et
771 1688 996 1761 pulcherrimum
1008 1687 1093 1746 simu·

221 1789 333 1844 luorum
346 1787 498 1862 Syracusis
519 1786 648 1845 sustulit:
669 1791 763 1861 teque,
784 1785 865 1842 luno
886 1785 996 1858 regine,
1009 1785 1091 1858 enjus

222 1887 281 1943 (luo
293 1884 361 1942 isne
373 1887 482 1943 duabus
493 1885 525 1942 in
537 1884 641 1942 insulis
654 1883 749 1957 posits
761 1883 914 1950 seniorum,
928 1883 1050 1940 Melitae
1062 1886 1094 1940 et

224 1983 316 2048 Semi,
330 1982 514 2038 sanctissimo
527 1987 557 2038 et
568 1981 776 2054 antiquissime,
790 1980 879 2038 simili
891 1983 1001 2038 seelere
1015 1981 1094 2040 idem

220 2077 278 2134 iste
293 2077 428 2134 omnibus
452 2077 536 2134 dunis
559 2077 796 2152 ornamentisque
830 2078 973 2136 nudavit:
1008 2082 1094 2153 teque

222 2173 370 2244 Minerva,
382 2193 469 2251 quum
487 2174 560 2232 item
571 2175 627 2232 iste
641 2177 751 2233 (luobus
762 2177 794 2234 iu
807 2174 973 2234 clarissimis
985 2179 1017 2232 et
1031 2175 1094 2234 reli·

220 2272 391 2347 glorissimir
421 2274 539 2348 templis
564 2274 731 2347 expilsvit:
767 2273 905 2341 Athenis,
937 2289 1005 2332 eum
1031 2271 1094 2331 suri

221 2373 330 2446 grande
344 2373 470 2446 ponduss
486 2371 648 2444 Syrsousis,
659 2389 726 2430 eum
738 2372 846 2440 omnis,
856 2374 971 2446 praeter
984 2376 1095 2430 testum

221 2474 253 2526 et
266 2468 400 2542 parietes,
413 2470 551 2527 abstulit:
570 2474 665 2544 teque,
676 2471 802 2538 Letous,
813 2474 844 2526 et
858 2471 977 2544 Apollo,
989 2475 1021 2526 et
1041 2469 1096 2528 Dlr

220 2583 287 2635 sna,
301 2583 419 2643 quorum
444 2567 501 2624 iste
514 2567 585 2626 Deli
607 2585 666 2628 uon
689 2569 797 2636 lenum,
821 2569 873 2624 sed
891 2572 924 2625 ut
944 2568 1096 2626 huminum

220 2666 321 2740 opinio
334 2671 364 2723 et
383 2665 490 2741 religio
507 2667 571 2735 lert,
596 2667 695 2724 sedem
720 2665 878 2740 antiquum,
904 2665 1097 2740 divinumque

220 2765 400 2824 domicilium
414 2769 556 2824 noeurrno
570 2764 723 2834 lutroeiuio
736 2769 823 2838 utque
832 2763 943 2838 impetu
955 2765 1095 2838 compile-

221 2863 282 2920 'vitz
303 2863 392 2920 etism
406 2863 577 2935 te,Apollu,
588 2879 674 2936 quem
691 2861 747 2920 iste
767 2861 845 2920 Chio
857 2861 987 2918 sustulit:
1008 2866 1096 2937 teque

221 2957 310 3014 etium
334 2964 420 3032 utque
441 2959 539 3027 etium,
557 2960 673 3028 Dione,
694 2976 779 3038 quum
801 2959 913 3034 Pergae
934 2959 1094 3034 spoliavit:

219 3055 302 3130 eujus
313 3055 497 3115 simulacrum
509 3057 723 3141 sanctissimum
735 3059 883 3132 Segestae,
893 3057 939 3114 bis
949 3059 1027 3132 apud
1042 3058 1094 3114 Se·

220 3162 355 3230 gestemus
368 3159 577 3224 consecratum,
587 3157 678 3212 semel
685 3156 812 3230 ipsorum
825 3154 977 3228 religione,
987 3155 1095 3212 ilerum

221 3255 255 3310 P.
272 3254 404 3314 Africani
418 3253 550 3323 victoris,
564 3255 724 3312 tollendum
736 3250 996 3332 usportondumque
1011 3270 1094 3312 eure·

220 3350 282 3406 vit:
304 3357 398 3426 teque,
408 3351 546 3420 Mercuri,
558 3369 644 3426 quem
657 3353 766 3426 Verres
776 3351 808 3411 in
819 3352 902 3419 villo,
911 3357 941 3408 et
956 3353 987 3409 in
994 3352 1094 3426 privo·

220 3453 252 3505 te
264 3448 360 3524 ulique
372 3450 514 3522 palaestro
528 3450 632 3523 posuit,
646 3450 682 3508 P.
696 3450 853 3509 Africanus
870 3449 902 3507 ln
915 3451 984 3506 urbe
998 3449 1095 3506 sociu-

220 3561 290 3611 rum,
305 3550 335 3601 et
345 3545 376 3600 in
393 3547 548 3616 amussis
562 3549 837 3621 Tyndaritanorum,
845 3547 1013 3622 juventutis
1027 3547 1094 3604 illo·

219 3655 281 3696 rum
295 3641 444 3697 custodem
454 3657 490 3701 ue
500 3629 661 3718 praesidem
671 3645 764 3704 voluit
774 3663 856 3708 esse:
871 3652 967 3724 teque,
977 3645 1095 3708 Herou-
