2428 4212
208 317 273 377 254
552 311 743 362 ruvsaauu

208 461 286 520 disae
296 477 327 520 se
340 459 470 533 diceret;
491 478 557 520 cum
570 479 680 528 ornnes,
694 466 726 519 ut
739 475 801 518 mos
814 463 868 527 cst,
878 463 910 516 ut
923 459 999 516 solet
1009 455 1083 524 fieri,

208 563 421 628 comanerent,
439 559 616 635 quaererent,
630 560 730 620 videre
750 562 899 634 cuperent.
941 555 1019 629 Quid
1033 573 1080 614 ac·

208 659 289 728 cidit,
301 674 354 717 cur
366 663 516 733 tantopere
534 659 588 716 iste
602 660 687 715 homo
700 659 902 725 occultaretur,
914 659 946 712 ut
959 672 1025 712 eum
1040 671 1079 710 ue

196 755 278 818 &asu
301 759 418 834 quidem
440 758 589 834 quisquam
608 756 756 831 adspicere
770 752 889 830 posset?
907 753 1079 811 ⁸⁵Homines

209 857 346 916 maritimi
361 858 523 931 Syracusis,
536 857 584 933 qui
598 873 685 930 saepe
707 855 791 913 istius
813 854 895 912 ducis
910 872 1010 912 nomeu
1025 870 1077 910 aa·

209 937 329 1024 dissent,
339 973 405 1013 oum
419 973 485 1012 eum
499 972 586 1030 saepe
606 955 780 1022 timuissent,
793 971 860 1012 cum
874 953 934 1027 ejus
947 951 1079 1010 cruciatu

208 1059 294 1128 atque
307 1054 449 1128 supplicio
462 1071 582 1128 pascere
595 1056 703 1122 oculos,
717 1053 899 1128 animumque
911 1057 1076 1109 exsaturare

208 1153 336 1212 vellent:
356 1155 485 1226 potestus
506 1152 688 1226 adspiciendi
699 1151 810 1210 nemini
834 1152 974 1210 lactaest.
993 1151 1078 1208 Unus
1192 1179 1193 1242 3

207 1252 303 1325 plures
329 1252 508 1324 praedonum
540 1253 629 1310 duces
656 1251 741 1312 vivos
763 1252 843 1326 cepit
867 1251 901 1308 P.
926 1249 1077 1318 Servilius,

209 1367 295 1423 quam
313 1368 415 1409 omues
439 1355 536 1410 antea.
558 1351 717 1428 Ecquando
730 1350 817 1424 igitur
829 1350 886 1407 isto
898 1349 991 1407 lructu
1006 1348 1079 1424 quis·

209 1465 295 1524 quam
308 1450 410 1516 caruit,
423 1454 455 1506 ut
478 1449 578 1507 videre
602 1449 723 1523 piratam
747 1453 864 1522 captum
882 1466 942 1505 non
956 1443 1079 1504 liceret?

210 1547 253 1603 At
266 1551 376 1612 contra,
392 1563 568 1622 quacumque
590 1547 647 1606 iter
665 1547 745 1616 lecit,
765 1549 821 1605 hoc
835 1547 1078 1622 jucundissimum
1192 1619 1193 1632 χ

208 1645 406 1717 spectaculum
416 1646 549 1702 omnibus
563 1645 727 1704 vinctorum
737 1650 943 1720 captorumque
954 1643 1079 1702 hostium

208 1743 374 1815 praebebat
416 1745 517 1821 ltaque
539 1746 568 1802 ei
589 1761 744 1803 concursus
762 1744 888 1820 undique
910 1745 1029 1811 fiebant,
1048 1748 1080 1800 ut

209 1858 269 1899 nou
283 1845 369 1901 modo
392 1862 431 1902 ex
452 1845 497 1902 his
512 1845 636 1918 oppidis,
649 1861 706 1919 qua
718 1845 903 1911 ducebantur,
917 1844 969 1900 sed
990 1841 1078 1900 etiam

210 1959 248 1998 ex
269 1942 407 2011 finitimis,
420 1942 535 2000 visendi
548 1959 644 2010 causa,
658 1942 860 2000 convenirent.
901 1943 969 2015 lpse
982 1945 1078 1997 autem

209 2037 367 2110 triumphus
381 2042 565 2111 quamobrem
585 2039 715 2096 omnium
734 2040 942 2114 triumphorum
956 2039 1078 2114 gratissi·

209 2153 271 2192 mus
285 2137 391 2214 populo
409 2135 544 2194 Romano
565 2137 619 2196 luit
638 2133 724 2213 atque
741 2136 993 2213 jucundissimus?
1012 2139 1079 2213 quia

209 2232 283 2292 nihil
297 2240 341 2292 est
355 2234 480 2292 victoria
501 2236 622 2295 dulcius.
643 2239 754 2296 nullm]
778 2243 823 2296 est
843 2243 940 2296 autem
955 2237 1080 2295 testimo

208 2333 290 2394 nium
310 2334 451 2392 victoriae
476 2335 592 2402 certius,
605 2353 699 2410 quam,
723 2354 793 2411 quos
818 2355 905 2412 saepe
933 2336 1078 2403 metueris,

210 2451 260 2490 eos
275 2437 304 2489 tc
324 2433 439 2490 vinctos
462 2435 498 2490 ad
522 2433 696 2506 supplicium
719 2417 788 2492 duci
809 2435 920 2492 videre.
962 2437 1028 2494 Hoc
1047 2440 1079 2493 tu

210 2532 392 2605 quamobrem
416 2549 473 2588 uon
493 2530 613 2590 fecisti?
632 2535 817 2606 quamobrem
838 2534 880 2590 ita
905 2533 960 2590 iste
986 2533 1081 2606 pirata

132 2701 134 2708 y
210 2633 320 2688 celatus
342 2634 396 2698 est,
409 2629 490 2704 quasi
504 2647 570 2687 eum
584 2626 732 2704 adspicere
746 2632 826 2689 nelas
848 2630 947 2690 esset?
966 2649 1082 2706 quamo-

117 2786 121 2793 ,
209 2729 290 2787 brem
304 2729 477 2802 supplicium
501 2747 559 2786 nou
582 2727 730 2787 sumsisti?
750 2748 835 2803 quam
849 2733 886 2788 ob
901 2747 1019 2787 causam
1032 2731 1083 2786 ho-

210 2826 318 2884 minem
333 2826 509 2884 reservasti?
538 2846 657 2903 ecquem
682 2828 788 2885 audisti
810 2830 841 2886 in
867 2829 970 2886 Sicilia
994 2835 1083 2886 autea

211 2927 327 2995 captum
341 2925 553 2996 archipiratam,
575 2926 624 3000 qui
649 2945 707 2984 uon
729 2928 823 2985 securi
847 2945 997 3001 percussus
1017 2925 1085 2986 sit?

210 3035 299 3076 unum
322 3022 396 3077 cedo
418 3027 564 3079 auctorem
586 3023 629 3081 tui
649 3025 737 3083 lacti:
759 3027 841 3084 unius
865 3027 961 3100 profer
983 3043 1085 3082 exem·

211 3119 299 3192 plum.
341 3119 453 3175 Vivum
474 3124 505 3176 tu
530 3120 735 3195 archipiratam
755 3128 900 3194 servabas,
922 3143 1007 3199 quem
1031 3142 1087 3197 per

211 3219 393 3292 triumphum,
407 3219 503 3287 credo,
527 3239 611 3294 quem
633 3228 703 3280 ante
719 3241 832 3281 currum
851 3229 931 3280 tuum
951 3225 1087 3280 duceres.

212 3315 315 3390 Neque
342 3317 422 3376 enim
449 3311 603 3394 quidquam
625 3325 686 3378 erat
704 3321 768 3396 jam
791 3321 940 3396 reliquum,
963 3321 1020 3378 nisi
1041 3325 1087 3389 ut,

240 3467 261 3499 ⁸⁵
274 3465 382 3517 Homines
391 3471 500 3518 mritimi
509 3471 641 3535 Syracosia]
672 3474 709 3522 Sic
722 3490 763 3536 pro
779 3475 911 3526 Mamertini
922 3473 992 3581 firimi
1008 3474 1089 3544 capite

210 3529 321 3596 sequente,
332 3525 370 3574 ubi
381 3530 441 3575 clare
450 3530 559 3578 awtitimi
574 3533 672 3580 morines
681 3539 738 3590 sunt,
750 3534 806 3580 bene
823 3535 914 3583 edidere
947 3548 1052 3591 ervsgrus
1063 3535 1093 3578 ei

208 3583 336 3650 Vrctorius.¹
345 3585 376 3631 sic
386 3587 433 3633 Ms.
449 3586 522 3635 Guell.
533 3589 608 3638 habet.
619 3599 760 3653 opponuntur
768 3593 941 3653 nauteam,
958 3591 996 3654 qui
1009 3594 1068 3639 nint
1075 3605 1091 3636 ὓ

208 3642 272 3690 rebar
281 3642 399 3692 maritimis
407 3643 482 3692 alicui.
