2428 4212
361 318 457 414 'loa
474 317 504 366 u.
519 313 617 366 unua
630 313 782 370 aurnuns.
953 319 1018 382 233

146 460 436 526 homineavidereut
476 465 535 526 llio
547 465 592 526 ito
613 465 736 524 vivebat
760 463 817 524 iste
845 463 938 524 bonus
966 462 1019 524 irn-

149 571 265 637 peratnr
290 566 418 626 hibernia
441 565 597 634 mensibus,
623 569 656 624 ut
676 581 743 624 eum
762 581 821 623 nou
840 563 937 633 laoile,
956 579 1018 622 non

149 664 236 722 modo
264 670 346 724 extra
369 669 487 734 tentum,
510 666 563 722 aed
585 681 624 723 ne
651 669 736 722 extra
766 665 875 722 leeturn
900 661 1018 738 quidem

147 761 294 839 quisquam
308 764 432 822 videret.
451 763 494 823 ita
505 763 567 822 diei
589 763 718 822 brevitas
739 761 898 830 eonvirib,
920 759 1017 820 nontin

145 861 294 938 longitudo
306 863 412 938 stupris
426 869 457 920 et
469 861 586 938 flagitiis
599 863 812 923 conterebatur.
834 861 910 919 Cum
919 864 1018 919 autern

144 977 276 1019 verenae
289 962 531 1035 cooperatorum
550 961 666 1020 initium
686 961 743 1020 iate
766 975 856 1019 nona
870 957 1019 1028 Favonio,

146 1077 242 1134 neque
256 1059 293 1116 ab
307 1059 366 1116 alin
379 1063 457 1116 astro
469 1059 603 1130 notam
622 1062 682 1130 aed,
695 1077 763 1120 aum
783 1075 878 1118 rosam
891 1057 1016 1125 viderat.

145 1161 217 1214 tuno
227 1156 357 1231 incipere
371 1175 426 1216 ver
437 1158 642 1216 arbitrabatur:
662 1161 749 1218 dabat
762 1177 794 1217 ae
814 1158 907 1219 labori
929 1163 1015 1234 atqua

147 1257 318 1316 itineribus:
332 1258 364 1316 iu
378 1257 480 1332 quibua
493 1275 581 1334 usque
594 1274 631 1315 eo
640 1275 672 1314 ae
685 1259 842 1332 praebebat
855 1257 1016 1332 patientem

146 1360 233 1431 atque
256 1356 419 1431 impigrum,
447 1354 470 1388 ³²
482 1363 513 1415 ut
533 1373 601 1414 eum
621 1373 709 1414 nemo
730 1371 866 1430 umquam
887 1354 920 1411 in
940 1370 1016 1428 equo

67 1497 73 1506 .
144 1455 296 1514 sedentem
309 1456 440 1514 videret..
474 1455 562 1524 Nam,
575 1459 608 1512 ut
620 1473 682 1514 mos
695 1455 750 1514 tuit
764 1452 925 1526 Bithyniae
941 1451 1013 1528 regi·
1026 1461 1063 1523 11

145 1554 207 1624 bue,
220 1554 328 1613 lection
337 1556 496 1629 octaphoro
507 1554 659 1623 terebatur,
673 1553 775 1629 inqua
794 1552 931 1626 pulvinus
951 1556 1014 1610 erat

145 1647 347 1725 ”perlucidua
374 1653 549 1721 Melitensis,
575 1670 641 1711 roan
668 1652 793 1711 larotua:
826 1651 889 1725 ipsa
915 1643 1040 1710 autam'

147 1766 285 1808 eoronam
305 1753 432 1809 babebat
453 1769 543 1809 unam
561 1751 594 1808 in
617 1751 724 1824 eapite,
746 1752 869 1808 alteram
881 1749 913 1806 in
926 1751 1013 1818 nollo,

144 1847 354 1923 reticulumque
364 1850 402 1908 ad
412 1867 496 1908 nares
506 1846 563 1906 sibi
572 1849 756 1915 admovebat,
765 1846 936 1904 tenuissimo
943 1847 1014 1916 lino,

146 1947 264 2004 minutia
275 1947 404 2015 maculis,
418 1950 536 2022 plenum
549 1963 641 2004 rosae.
682 1947 734 2004 Sia
748 1945 883 2004 oouleoto
900 1945 1014 2015 itinere,

144 2043 210 2103 eard
221 2047 259 2102 erl
272 2045 389 2121 aliquod
398 2046 536 2120 oppidum
550 2049 682 2114 venerat,
691 2046 794 2103 eadem
806 2044 913 2103 lentina
923 2061 1013 2119 usque

144 2143 175 2203 in
187 2143 353 2202 nubieulum
365 2143 555 2202 deserebatur.
595 2143 642 2202 Eo
662 2143 823 2202 veniebant
850 2143 1014 2202 Sieulorum

142 2243 334 2317 magistratus,
347 2243 508 2300 veniebant
527 2240 639 2316 equites
659 2241 803 2310 Romani3
823 2240 854 2298 id
873 2243 950 2316 quod
973 2257 1013 2300 ex

143 2341 241 2400 multis
258 2339 364 2413 Juratis
378 2339 514 2397 suffia:
533 2339 749 2397 controversiae
771 2343 885 2396 seoretn
904 2339 1013 2402 delere·

144 2440 269 2496 bantur:
302 2439 399 2512 paullo
432 2441 498 2511 post
523 2439 619 2512 palam
651 2438 770 2496 deoreta
802 2436 1011 2494 auferebantur.

143 2537 273 2604 Deinde,
286 2535 336 2593 ubi
349 2535 506 2611 paullisper
517 2535 550 2593 in
562 2536 707 2606 eubieulo,
720 2537 823 2611 pretio,
842 2554 903 2594 non
916 2535 1012 2611 aequi·

143 2640 204 2693 tate
211 2635 278 2710 jura
290 2634 497 2710 descripseram
518 2635 631 2694 Veneri
638 2635 703 2708 jam
712 2641 744 2692 et
753 2635 862 2694 Libero
871 2635 1012 2710 reliquum

143 2738 256 2806 tempus
267 2733 369 2792 deberi
381 2733 581 2792 arbitrabatur.
620 2734 688 2806 Quo
700 2732 846 2789 looomibi
860 2749 918 2789 nou
932 2749 1012 2806 prae·

141 2832 329 2890 termittende
343 2831 458 2888 videtur
471 2829 612 2905 praeclari
631 2829 811 2904 imperatoria
835 2831 952 2905 egregia
975 2845 1011 2890 aa

142 2929 296 3006 singularis
309 2928 472 3004 diligentia
513 2929 592 2988 Nam
612 2929 716 2988 seitote
740 2946 804 2987 ease
824 2931 961 3005 oppidum
978 2929 1011 2988 in

173 3084 197 3118 ³²
212 3087 297 3132 atatam
317 3097 404 3144 nunqua
423 3082 450 3130 in
463 3097 517 3144 aqua
533 3084 640 3132 sedentem
656 3083 760 3146 viderat]
797 3085 916 3136 Quomodo
928 3084 951 3130 in
969 3084 1012 3131 boa

143 3265 286 3319 uprmento:
296 3260 427 3320 boman,
435 3273 595 3334 manaaqaom
600 3260 752 3320 quamplura
758 3259 958 3316 pdtluaatdbut,
965 3263 1009 3307 ete.

175 3339 198 3372 ³³
218 3339 355 3396 perlucidas.
374 3339 490 3386 rreum
504 3353 525 3384 r.
541 3339 578 3399 s.]
620 3336 899 3394 Memmiusesonjeetura
922 3337 1011 3396 legebat

142 3395 591 3514 dffioltatttltdlt
619 3395 1010 3516 'mittebat-“nuta

140 3513 186 3562 Gu.
197 3516 256 3563 unde
265 3517 345 3578 reoepi.
357 3529 408 3562 naar
418 3521 442 3562 et
452 3530 502 3562 mor
511 3522 545 3562 est
553 3515 674 3562 naculum
686 3513 812 3562 barbano
826 3516 881 3576 aaa,
890 3520 914 3564 et
922 3519 1009 3566 anan

138 3573 235 3632 ‚tanam
241 3589 309 3622 anana.
319 3576 380 3625 Mna
390 3575 484 3626 annalia
492 3574 587 3622 mma
594 3589 616 3622 v.
627 3573 691 3626 clar.
700 3573 724 3622 in
732 3575 826 3625 mia-

179 3671 251 3714 rou.
264 3673 295 3713 r.
539 3652 609 3715 20*
