2438 4206
219 318 262 382 ῃ
558 313 752 366 mvnnnnm

218 459 283 518 nius
298 456 310 518 i
332 459 422 520 immo
435 465 496 522 tum
509 463 672 536 insanisset,
690 463 716 522 si
729 459 897 525 aratoribus,
911 454 989 534 quod
1003 454 1089 512 debe-

219 564 293 626 rent,
309 559 422 618 licitum
446 568 531 631 esset,
551 561 601 622 ⁹et
615 580 683 632 non,
697 562 772 638 quod
787 557 935 632 Apronius
955 555 1090 630 imperas·

217 662 271 726 set,
294 677 416 718 necesse
439 661 540 720 suisset
563 663 639 718 dore.
683 660 716 718 Si
737 659 868 725 ostendo,
888 655 982 714 minus
1000 654 1089 712 tribus

216 757 371 816 medimnis
397 759 428 816 in
449 759 584 836 jugerum
611 759 761 817 neminem
788 756 901 814 dedisse
926 755 1088 810 decumae:

216 859 371 926 concedes,
394 857 505 932 opinor,
524 857 545 888 ¹⁰
556 863 587 915 ut
601 874 669 914 cum
690 859 813 913 decumo
826 854 935 910 fructus
950 849 1088 908 arationis

216 961 369 1028 perceptus
384 956 430 1024 sit,
445 956 592 1014 neminem
606 955 701 1012 minus
716 954 805 1010 tribus
819 952 948 1010 decumis
962 949 1093 1007 dedisse.¹

216 1051 235 1082 ¹¹
246 1055 343 1128 Atque
366 1056 422 1112 hoc
444 1054 581 1112 beneficii
603 1057 669 1112 loco
689 1053 811 1128 petitum
832 1059 876 1110 est
890 1053 926 1110 ab
944 1049 1087 1124 Apronio,

169 1223 172 1232 ,
215 1156 248 1208 ut
262 1152 293 1210 in
302 1152 406 1226 jugera
420 1153 534 1228 singulo
549 1151 638 1210 ternis
657 1150 811 1210 medimnis
825 1150 959 1208 decidere
974 1149 1086 1206 liceret.

215 1251 293 1308 Nem
307 1269 374 1308 cum
387 1269 405 1308 a
419 1251 515 1310 multis
528 1256 674 1326 quaterna,
684 1249 773 1306 etiem
786 1248 873 1323 quina
884 1247 1086 1322 exigerentur:

214 1350 312 1408 multis
326 1355 423 1408 nutem
437 1368 496 1408 non
510 1352 596 1408 modo
606 1338 726 1426 grcuum
737 1350 856 1415 nullum,
867 1349 919 1404 sed
932 1365 970 1404 ne
983 1348 1087 1420 palene

215 1447 332 1522 quidem
346 1467 384 1506 ex
409 1448 489 1507 omni
511 1448 605 1506 fructu
625 1453 711 1522 atque
725 1465 764 1502 ex
778 1463 875 1502 annuo
888 1447 985 1502 labore
1000 1444 1087 1502 relin-

217 1551 386 1619 querentur:
408 1555 467 1602 tum
482 1548 607 1602 oratores
627 1543 822 1618 Centuripini,
836 1543 884 1620 qui
899 1561 1032 1602 numerus
1054 1542 1088 1603 iu

217 1661 286 1716 egro
301 1645 447 1702 Leontino
461 1644 604 1702 maximus
616 1649 670 1712 est,
684 1662 771 1702 uuum
785 1644 817 1702 in
831 1646 927 1700 locum
941 1660 1087 1701 convene·
1110 1637 1113 1642 ’

216 1749 301 1799 runt:
322 1743 470 1800 hominem
483 1760 552 1800 sune
566 1742 697 1800 civitatis
716 1742 748 1799 in
771 1741 870 1818 primis
885 1743 1087 1802 honestumne

218 1840 356 1910 nobilem,
372 1843 542 1900 Aedronem
557 1841 790 1916 Centuripinum,
801 1843 934 1916 legarunt
947 1841 984 1897 ad
996 1841 1089 1914 Apro·

214 1940 305 2008 nium,
319 1941 453 2006 eundem,
468 1958 553 2013 quem
579 1941 635 1996 hoo
660 1935 788 2012 tempore
810 1941 847 1996 ed
871 1940 926 1996 hoc
943 1937 1090 2012 judicium

213 2041 340 2114 legatum
359 2043 390 2094 et
411 2040 516 2094 testem
538 2035 731 2110 Centuripino
757 2036 865 2094 civitas
889 2037 983 2094 misit:
1005 2042 1037 2094 ut
1060 2037 1088 2096 ie

212 2136 289 2214 epod
303 2151 368 2190 eum
381 2149 499 2190 censam
512 2137 655 2194 aratorum
675 2138 784 2212 egeret,
798 2137 835 2192 ab
858 2153 949 2210 eoque
963 2139 1087 2212 peteret,

210 2237 242 2290 nt
256 2233 293 2289 eb
315 2231 472 2290 aratoribus
495 2231 695 2306 Centuripinis
719 2251 756 2292 ne
781 2234 960 2308 emptius'in
979 2235 1088 2310 jugero

211 2330 334 2406 singula,
347 2348 432 2406 quem
453 2335 535 2388 terno
556 2331 703 2390 medimna
717 2331 856 2408 exigeret.
898 2334 964 2390 Hoc
980 2333 1033 2392 vix
1047 2334 1087 2392 ab
1138 2395 1149 2402 ,

213 2429 345 2502 Apronio
359 2429 390 2486 in
414 2447 525 2487 summo
539 2429 691 2498 beneficio,
705 2448 757 2504 pro
776 2430 823 2498 iis,
841 2429 890 2506 qui
911 2431 1001 2490 etiam
1022 2437 1089 2494 turn

210 2528 371 2584 incolumes
382 2532 473 2594 erent,
482 2526 666 2604 impetratum
676 2532 730 2585 est.
752 2528 781 2585 id
793 2528 1090 2602 cumimpetmbatur,

211 2626 267 2682 hoc
281 2624 421 2683 videlicet
442 2625 657 2698 impetrabatur,
677 2631 709 2684 ut
726 2643 778 2700 pro
800 2625 921 2701 singulis
944 2629 1089 2698 decumis,

212 2729 309 2784 temes
330 2725 467 2782 decumus
491 2725 560 2782 dere
585 2724 696 2782 liceret.
738 2723 850 2796 Quodsi
872 2730 921 2784 tun
947 2745 993 2784 res
1020 2745 1086 2790 non

214 2829 353 2898 ageretur,
367 2841 386 2880 o
406 2828 435 2880 te
457 2823 552 2898 potius
574 2827 760 2898 postularent,
768 2841 819 2881 -ne
841 2824 974 2899 amplius,
998 2843 1089 2901 quem

212 2921 352 2996 singulas,
366 2939 451 2994 quom
464 2923 501 2978 ob
527 2923 668 2994 Apronio,
682 2927 764 2979 utne
784 2923 859 2995 plus,
872 2940 958 2998 quam
983 2928 1087 2982 terune

239 3072 251 3106 ⁹
266 3077 346 3128 ernon,
356 3073 432 3132 qnod·
441 3099 450 3107 ·
460 3070 629 3128 memmsnioet
636 3073 670 3134 d]
687 3073 761 3119 steine
775 3073 844 3120 dubio
860 3075 987 3133 delendum,
998 3083 1091 3126 ortnm.

210 3145 298 3238 quotiesc
316 3131 395 3178 ultimo
413 3131 566 3194 praecedentis
583 3131 653 3188 verbi,
668 3136 752 3179 temere
769 3133 873 3194 repetite.
889 3134 923 3181 ite
932 3137 1048 3184 venustior
1058 3142 1088 3185 et

210 3205 250 3239 ore
268 3206 289 3238 o.

237 3271 259 3304 ¹⁰
273 3269 504 3329 otcorndenemnod
535 3269 599 3318 Haec
615 3269 770 3317 vetrrs‘iectio:
788 3269 835 3328 alii,
845 3271 939 3319 Hotom.
950 3272 1029 3320 hamb.
1042 3275 1086 3322 ds·

209 3329 266 3376 dere
275 3330 373 3386 decom
381 3336 406 3376 ut
416 3334 451 3375 est
468 3343 542 3390 supra,
552 3333 576 3374 et
585 3329 635 3377 intr.
646 3343 666 3376 c.
678 3331 714 3378 70.
730 3329 790 3390 qood
806 3335 830 3377 et
838 3330 894 3377 mihi
903 3331 985 3392 pleert,
996 3334 1039 3380 etsi
1050 3339 1092 3382 ut·

208 3401 294 3449 cunque
303 3387 356 3436 terri
365 3389 484 3436 domm
493 3391 574 3448 potest,

237 3467 256 3500 ¹¹
273 3468 347 3526 Atque
355 3466 417 3572 hoc]l
442 3465 479 3513 Sic
488 3466 540 3513 edd.
549 3481 582 3527 pr.
593 3470 616 3513 et
625 3466 649 3513 id
665 3470 751 3514 rectum
766 3470 808 3522 est,
818 3466 1022 3540 riveropnleevim
1042 3473 1090 3520 tri·

207 3525 270 3583 bune,
280 3539 338 3588 quae
348 3525 400 3573 hoie
417 3539 460 3572 oco
470 3525 548 3572 melior
563 3526 674 3582 convenit,
685 3525 732 3572 sive
740 3527 916 3584 amonentendr.
947 3529 1009 3577 Nem
1018 3535 1091 3592 etque

207 3584 288 3634 dicitnr
296 3584 415 3646 proctqni,
425 3585 507 3646 quode
515 3583 562 3632 Mn.
574 3584 667 3632 Hotom.
679 3588 792 3646 receptum
802 3589 843 3631 ert.
