2438 4206
234 393 276 456 ,a
572 386 767 438 rumorum

234 537 362 594 vestram
375 535 547 595 sotietatem.
561 553 620 596 non
644 536 781 595 versabor
803 535 835 595 in
848 549 908 593 uno
920 547 1027 609 genere
1039 532 1101 591 diu·

233 633 300 702 tius,
314 639 345 692 et
358 633 400 692 ite
412 641 512 694 uetere
524 637 562 693 de
574 635 704 695 oratione
730 652 795 692 mes
818 637 929 703 tollem,
944 637 976 690 ut
999 637 1099 690 umen

233 729 265 790 in
278 748 366 791 oense
386 734 553 810 relinquam
594 734 730 794 Audistis
753 733 1021 808 Agrigentinorum,
1045 731 1099 789 lor·

233 831 407 890 tissimomm
421 834 555 901 viromm,
572 832 912 907 diligentissimorumque
925 829 1098 906 querimoni-

232 945 283 988 as:
303 929 494 1006 cognoscetis,
501 932 626 1005 judiees,
639 931 860 998 Entellinorum,
873 928 978 986 summi
991 927 1096 990 laboris

232 1045 415 1103 summaeque
429 1029 595 1098 industriae,
607 1031 737 1088 dolorem
756 1034 786 1086 et
805 1027 944 1104 injurias:
966 1023 1096 1102 Heruoli·

232 1125 354 1194 ensium,
368 1125 548 1197 Gelensium,
566 1125 813 1186 ”Soluntinorum
839 1125 1022 1184 incommode
1035 1141 1098 1196 pro

232 1224 373 1282 serentur:
403 1225 613 1296 Catinensium,
635 1225 923 1301 locupletissimorum
949 1222 1099 1282 homiuum

232 1323 523 1400 amieisimorumque,
537 1343 619 1402 egros
634 1330 756 1383 vexatos
770 1327 807 1382 ub
831 1323 965 1396 Apronio
977 1338 1097 1397 eognos-

232 1421 329 1479 oetis:
361 1423 605 1496 Quorsumnam,
628 1423 837 1480 nobilissimum
860 1421 1021 1487 civitatem,
1042 1420 1099 1478 Ce-

232 1519 458 1592 pheleditsnsm,
467 1521 664 1588 limentinum,
674 1520 923 1594 Apolloniensem,
934 1519 1099 1594 Eggynom,
1201 1561 1206 1576 .

234 1616 410 1688 Capitinam,
423 1618 550 1692 perditus
573 1635 637 1675 esse
659 1620 715 1677 huo
738 1618 890 1694 iniquitute
914 1619 1098 1676 decumarum

233 1712 421 1790 intelligetis:
444 1716 646 1792 Murgentinis‚
662 1717 819 1786 Assorinis,
832 1716 968 1784 Elorinis
979 1715 1099 1774 Euueu·

231 1811 320 1882 sibus,
355 1814 480 1884 Letinis,
506 1814 580 1872 nihil
606 1815 726 1874 omniuo
759 1816 906 1872 relictum:
942 1813 1098 1883 Citerinos,

231 1908 438 1981 “Acherinos
459 1929 613 1986 parvorum
635 1913 789 1972 civitatum
812 1913 953 1980 homines,
976 1911 1105 1971 omnino

232 2009 361 2081 abjectos
375 2029 438 2066 esse
452 2027 488 2066 oo
510 2010 654 2083 perditos:
675 2029 776 2068 omnes
796 2011 920 2088 denique
940 2028 1024 2084 agros
1046 2011 1098 2068 de·
1209 2025 1210 2092 l

232 2122 433 2180 eumunosper
445 2106 601 2166 triennium
614 2111 720 2186 populo
735 2110 867 2194 Romano
880 2127 919 2168 ex
940 2114 1020 2184 porte
1044 2109 1095 2166 de·
1208 2181 1209 2188 ἵ

231 2220 326 2274 eurus,
341 2205 377 2264 C.
391 2205 479 2264 Verri
506 2207 645 2266 exomni
668 2209 777 2284 reliquo
799 2210 968 2284 vectigales„
987 2210 1095 2268 luisse:
1208 2203 1209 2253 ἶ

231 2306 262 2360 ot
274 2303 417 2380 plerisque
431 2304 587 2363 aratoribus
609 2305 683 2364 nihil
707 2308 827 2365 omnino
850 2308 1039 2380 superfuisse:
1068 2309 1096 2366 si

231 2400 280 2460 oui
292 2401 361 2476 quid
373 2406 423 2458 aut
435 2403 594 2470 remissum,
607 2409 657 2460 aut
669 2403 802 2462 relietum
816 2404 863 2474 sit,
876 2405 908 2462 id
921 2405 1007 2464 luisse
1032 2411 1096 2466 lun·
1206 2437 1207 2440 ¹

230 2503 302 2566 tum,
315 2503 453 2573 quantum
466 2515 504 2556 ex
519 2515 563 2566 eo,
576 2517 632 2575 quo
645 2499 727 2558 istius
740 2503 866 2560 avaritia
878 2509 1018 2563 contento
1031 2505 1097 2576 tuit,

230 2596 406 2655 redundarit.

177 2705 220 2766 44
271 2696 401 2755 Duarum
424 2695 496 2754 mihi
523 2694 676 2754 civitatum
698 2698 822 2774 reliquos
842 2699 899 2760 feei
912 2720 1004 2778 agros,
1018 2703 1097 2777 judi·

230 2813 289 2859 ees,
304 2796 363 2853 lere
376 2796 500 2870 optimos
521 2813 557 2855 oo
581 2796 783 2868 nobilissimos,
800 2801 980 2859 Aetnensem
994 2807 1025 2859 et
1037 2803 1095 2862 Lo·

230 2892 372 2950 ontiuum.
414 2894 524 2950 Horum
537 2911 668 2967 sgromm
687 2915 742 2972 ego
764 2898 865 2956 missos
891 2900 997 2958 luciam
1010 2918 1096 2976 quae

230 2994 290 3047 stus
304 2989 438 3048 triennii:
459 3009 547 3048 unum
566 3009 674 3052 annum
697 2995 813 3070 eligam,
836 3013 892 3070 quo
914 2995 1029 3055 lucilius
1055 2999 1096 3068 id,

230 3089 305 3164 quod
331 3088 454 3158 institui,
467 3090 614 3163 explicere
628 3094 743 3167 possim.
787 3095 905 3154 Sumam
919 3113 1027 3154 annum
1041 3102 1096 3156 ter·

230 3187 311 3256 tium,
324 3189 399 3263 quod
413 3193 444 3246 et
453 3189 666 3250 recentissimus
681 3198 733 3262 est,
747 3198 777 3252 et
790 3195 827 3252 ob
840 3194 896 3253 isto
909 3195 952 3254 its
972 3195 1094 3254 admini-

259 3367 281 3402 ⁰⁰
290 3366 478 3430 Soluntinorum]
509 3369 553 3428 sie,
564 3385 608 3419 uon
616 3371 788 3432 Soleutinorum,
799 3387 876 3422 venum
886 3380 926 3423 est.
933 3365 958 3422 r.
975 3373 1050 3423 Burro.
1062 3375 1094 3424 V.

230 3423 422 3550 ξωειξαιιλᾙῖ
433 3441 456 3488 p.
467 3429 517 3476 482.
549 3431 620 3479 llrror
628 3437 690 3481 ortus
699 3438 753 3481 este
762 3432 870 3496 seriptum
875 3431 967 3498 entique
976 3447 1097 3489 rumolt

260 3575 285 3609 ⁰⁷
298 3575 429 3637 lotarium]
450 3591 472 3623 v.
483 3576 547 3626 Clsv.
