2418 4208
227 301 292 362 204
565 287 601 336 ΙΝ
616 283 759 336 VERREM

228 439 437 506 contumeliam
459 435 588 497 civitatis
611 434 710 494 reterri
734 433 812 492 volo.
853 432 957 508 ltaque
978 432 1031 494 ille
1053 436 1097 496 vir

230 540 601 612 clarissimus,summnsque
611 536 775 610 imperator,
786 531 828 590 ul.
839 531 1008 602 Marcellus,
1019 537 1097 610 enjus

230 642 338 698 virtuts
351 643 465 712 captae,
479 634 676 696 misericordia
688 635 881 690 conservatae
895 637 963 690 sunt
978 635 1099 708 Syracu·

228 756 288 805 sne,
303 738 434 796 habitare
448 738 479 794 in
492 755 529 794 ea
542 740 622 812 parte
637 734 722 801 urbis,
736 749 810 804 quae
825 731 921 790 insula
939 738 992 801 est,
1014 735 1099 809 Syra·

229 854 370 896 uusanum
396 838 543 896 neminem
570 834 671 892 voluit.
728 831 836 898 Hodie,
860 831 981 905 inuisam,
1010 834 1101 907 Syra-

230 954 371 994 cusanum
394 937 425 994 in
447 953 483 992 ea
509 939 589 1010 parte
614 935 745 992 habitare
770 933 922 990 nonlicet.
940 930 1100 992 ³estenim

231 1037 321 1102 locus,
335 1051 420 1108 quern
435 1037 483 1094 vel
497 1033 584 1108 pauci
598 1033 710 1108 possint
723 1032 888 1090 defendere.
911 1032 1101 1092 Gummitlere

230 1132 318 1206 igitur
341 1150 408 1188 eum
432 1149 491 1190 non
516 1131 692 1190 fidelissimis
707 1130 871 1188 hominibus
885 1131 997 1188 noluit:
1018 1131 1099 1188 simul

231 1233 306 1306 quod
320 1233 357 1286 ab
370 1231 422 1288 illa
436 1236 517 1304 parte
539 1231 616 1288 urbis
636 1230 760 1288 navibus
780 1229 878 1289 aditus
902 1246 942 1286 ex
965 1232 1027 1288 alto
1050 1235 1099 1288 est

234 1331 427 1402 Quamobrem
441 1330 491 1404 qui
504 1334 616 1386 nostros
630 1329 776 1386 exercitus
799 1345 886 1400 saepe
907 1330 1099 1397 excluserant,

233 1429 270 1486 iis
286 1431 412 1486 claustra
427 1429 485 1486 loci
498 1428 706 1486 committenda
720 1445 777 1484 non
792 1425 984 1484 existimavit.
1016 1428 1101 1495 Vide,

233 1526 301 1600 quid
325 1527 439 1582 intersit
471 1523 571 1582 ⁴inter
604 1531 684 1582 tuam
718 1525 870 1584 libidinem
907 1526 1099 1601 majonrmque

232 1623 433 1680 auctoritatem
448 1643 455 1678 ε
476 1622 555 1680 inter
563 1641 691 1682 amorem
705 1624 883 1698 lusoremque
898 1629 988 1692 tuum,
1000 1631 1032 1682 et
1044 1627 1101 1682 illo·

232 1737 296 1777 rum
309 1721 465 1782 consilium
485 1727 570 1797 atque
591 1723 782 1796 prudentiam.
824 1723 874 1780 llli
887 1723 1000 1780 aditum
1013 1724 1101 1782 litoris

236 1820 428 1894 Syracusanis
455 1823 645 1880 ademerunt:
680 1827 711 1880 tu
742 1820 918 1880 maritimum
953 1822 1101 1895 imperium

234 1923 416 1984 concessisti.
457 1923 506 1980 llli
527 1923 657 1980 habitare
681 1921 713 1980 in
731 1939 768 1978 eo
786 1924 852 1978 loco
878 1923 1102 1996 Syracusanum,

235 2039 292 2096 quo
305 2039 397 2080 naves
410 2021 551 2078 accedere
571 2025 698 2094 possent,
722 2023 893 2080 noluerunt:
915 2026 948 2079 tu
969 2022 1057 2078 classi
1075 2027 1104 2078 et

234 2118 358 2176 navibus
382 2119 597 2190 Syracusanum
617 2135 750 2192 praeesse
779 2119 906 2178 voluisti.
928 2119 1032 2193 quibus
1061 2121 1103 2178 illi

234 2215 392 2276 urbissuae
411 2220 523 2290 partem
549 2217 727 2288 ademerunt,
751 2218 788 2276 iis
815 2222 847 2276 tu
872 2218 965 2276 nostri
992 2219 1106 2294 imperii

235 2319 346 2390 partem
359 2313 478 2374 dedisti:
493 2319 534 2384 et,
544 2333 661 2390 quorum
675 2317 818 2376 sociorum
828 2335 916 2392 opera
929 2319 1107 2391 Syracusani

235 2415 320 2474 nobis
342 2414 423 2472 dioto
449 2413 600 2472 audientes
629 2419 705 2484 sunt,
732 2433 781 2476 eos
810 2416 1003 2490 Syracusanis
1029 2418 1107 2476 dicto

235 2514 386 2576 audientes
400 2529 464 2570 esse
473 2511 595 2584 jussisti.

182 2617 224 2677 33
286 2609 440 2686 Egreditur
468 2611 661 2686 Centuripina
686 2613 859 2688 quadriremi
887 2615 1066 2674 Cleomenes
1091 2634 1109 2674 e

236 2715 338 2786 portu:
356 2709 484 2786 sequitur
497 2712 658 2786 Segestana
680 2713 774 2780 navis,
794 2714 1010 2786 Tyndaritana,
1037 2717 1111 2772 Her·

236 2811 367 2877 hilensis,
418 2809 626 2880 Heracliensis,
652 2812 881 2884 Apolloniensis,
923 2814 1111 2872 Haluntinus

185 2919 190 2925 ’
236 2910 384 2980 praeclara
405 2907 506 2964 classis
527 2908 559 2964 in
587 2909 724 2982 speciem,
748 2913 799 2968 sed
820 2910 904 2986 inops
928 2916 959 2970 et
983 2912 1111 2979 infirma,

236 3008 351 3074 propter
364 3002 563 3061 dimissionem
584 2991 825 3082 propugnatorum
848 3015 935 3084 atque
954 3011 1113 3086 remigum·

238 3099 365 3160 Tamdiu
379 3099 410 3158 in
430 3100 552 3174 imperio
566 3121 617 3160 suo
630 3107 753 3164 classem
768 3109 822 3165 iste
847 3113 961 3181 praetor
981 3109 1115 3184 diligens

238 3201 322 3269 vidit,
336 3199 470 3275 quamdiu
484 3201 654 3261 convivium
665 3206 727 3278 ejus
751 3207 1009 3282 flagitiosissimum
1032 3211 1120 3282 pruo-

237 3306 369 3357 terveeta
383 3305 435 3357 est.
457 3299 519 3374 ipse
534 3307 639 3370 autem,
653 3305 700 3378 qui
715 3305 795 3364 visus
809 3307 906 3363 multis
927 3307 1031 3363 diebus
1051 3325 1119 3364 non

268 3451 280 3482 ³
294 3457 350 3496 estc
361 3453 375 3496 l.
385 3462 606 3522 praesupponunt
621 3458 679 3520 defi]
702 3459 811 3508 Graevius
821 3475 834 3506 e
843 3461 891 3508 Ms.
903 3461 1006 3520 suoReg.
1017 3467 1122 3520 posnan,

238 3511 297 3572 quod
307 3512 340 3554 est
350 3511 373 3552 et
384 3525 405 3556 rn
415 3513 457 3559 Gu.
468 3518 555 3561 vrtrose.
588 3519 659 3564 lmmo
666 3520 748 3576 paratu
756 3525 847 3582 propter
857 3525 894 3567 est.

268 3589 351 3634 atsur
369 3590 563 3660 suamlibidinem
577 3597 731 3658 majorumque
745 3600 905 3661 cucumulae]
921 3597 1027 3647 estnihil
1046 3599 1127 3654 aliud,

238 3663 303 3708 quarn
314 3643 372 3706 quod
383 3655 487 3708 sequitur.
534 3719 541 3739 ι
