2460 4200
400 315 792 393 ner.11.uanarnar1ua
993 347 1028 407 ῃ

163 489 389 568 ”magnitudine
400 491 526 566 injuriae
545 496 577 550 et
600 509 631 548 re
652 467 820 550 criminibus
836 488 941 548 ceteris
954 491 1034 546 ante·

168 591 268 660 cellit3
281 591 474 664 jucunditatis
494 591 527 648 iu
545 591 659 666 αςοηάο
673 594 703 647 et
716 589 865 647 varietatis
879 588 973 646 mium
987 588 1036 644 ha-

168 688 257 748 bebit.
278 694 376 747 vestra
389 694 487 748 autem
507 689 679 747 anctoritate
696 694 726 745 et
739 687 890 762 prudentia
903 685 1036 761 dignissi-

166 803 245 846 mum
265 791 319 857 est,
326 787 452 861 jndices,
476 787 667 846 mentiendi
689 787 843 862 diligentia
860 802 919 843 nou
942 785 1037 843 mium
1075 805 1079 812 ·

168 885 305 960 religioni
319 886 454 956 ulbuere,
467 903 552 960 qnam
565 885 720 959 voluptati.
761 885 798 943 ln
812 885 867 942 hac
881 901 969 942 causa
983 882 1037 940 irn-

168 983 313 1043 meutaria
332 985 538 1060 cognoscenda
551 985 625 1042 haec
639 983 724 1042 vobis
737 983 899 1058 proponite,
910 981 1038 1056 judices,

169 1099 225 1141 vos
233 1083 270 1140 (le
281 1083 366 1139 rebus
374 1083 551 1158 fortunisque
563 1083 727 1141 Siculorum
734 1083 872 1150 omnium,
879 1083 917 1138 de
928 1081 1038 1139 civismr

171 1179 382 1247 Romanor-nm,
395 1181 444 1255 qui
464 1187 546 1240 arant
558 1182 592 1240 iu
606 1181 718 1250 Sicilia,
730 1181 824 1250 bonis,
837 1183 874 1238 de
887 1181 1039 1255 vectigali·

172 1277 226 1336 bus
247 1295 265 1335 a
277 1277 433 1352 majoribus
451 1277 573 1346 traditis,
586 1281 624 1336 de
637 1280 700 1336 vita
712 1281 849 1354 siccique
862 1279 961 1353 populi
981 1279 1039 1336 llo·

170 1376 251 1435 mani
259 1375 434 1450 cognituros.
477 1377 560 1448 Quae
574 1376 599 1432 si
613 1393 719 1450 magua
729 1380 814 1450 utque
824 1378 898 1434 adeo
911 1377 1040 1434 maxima

172 1475 257 1534 vobis
272 1474 423 1544 videntem
444 1491 530 1549 quam
540 1475 621 1532 varie
630 1479 660 1532 et
669 1492 755 1550 qnam
768 1475 886 1548 copiose
899 1474 1041 1545 dicantur,

172 1578 345 1648 exspectare
358 1574 459 1632 nolite.
500 1573 658 1632 Neminem
672 1572 801 1631 vestrim
814 1572 1042 1647 praeteritjndi·

174 1689 235 1741 ces,
248 1688 366 1730 omnem
378 1671 535 1730 utilitatem
557 1671 857 1746 opportunitatemque
869 1671 1041 1746 provinciae

177 1769 309 1838 Siciliae,
322 1787 395 1844 quae
416 1771 453 1827 ad
475 1772 628 1828 commoda
640 1769 739 1842 populi
756 1770 882 1828 Romani
905 1771 1043 1846 adjuncta

177 1867 226 1936 sit,
240 1865 399 1925 consistere
411 1867 444 1924 in
457 1883 489 1924 re
502 1867 688 1924 frumentaria
700 1867 837 1924 maxime.
857 1884 926 1924 nam
938 1867 1043 1926 ceteris
1165 1923 1168 1930 ,

176 1968 262 2024 rebus
284 1967 455 2039 adjuvamur
467 1983 506 2024 ex
527 1966 579 2023 illa
595 1955 766 2040 provincia:
787 1967 843 2024 hac
858 1983 929 2024 vero
941 1965 1045 2025 alimur

177 2083 213 2125 ac
226 2065 408 2124 sustinemur.
448 2065 604 2123 Because
627 2063 779 2138 tripertita,
793 2065 920 2138 judices,
933 2065 989 2123 erit
1011 2066 1044 2123 in

177 2166 372 2225 accusatione.
393 2165 516 2238 primum
538 2163 619 2222 euim
639 2165 676 2222 de
694 2166 866 2232 decumano,
879 2164 986 2222 deinde
1006 2165 1046 2222 sle

180 2269 278 2339 empto
287 2264 416 2321 dicemus
430 2263 583 2332 frumento,
596 2268 740 2337 postremo
752 2265 790 2320 de
803 2263 965 2322 aestimato.

220 2363 302 2420 luter
324 2361 466 2429 Siciliam,
488 2365 657 2436 ceterasque
680 2361 857 2435 provincias,
874 2361 1000 2434 judices,
1012 2361 1076 2429 ino

180 2476 312 2536 agrorum
325 2459 514 2534 vectigalium
526 2459 637 2517 ratione
648 2461 704 2517 hoc
714 2461 844 2527 interest,
855 2449 930 2534 quod
939 2459 1046 2517 ceteris

181 2565 232 2618 aut
244 2559 408 2633 impositum
422 2558 551 2632 vectigal
560 2562 604 2614 est
614 2561 734 2626 certum,
745 2559 820 2631 quod
828 2557 1047 2632 stipendiarium

180 2657 295 2726 dicitnr,
305 2662 338 2715 ut
350 2655 491 2729 Hispanis
505 2659 536 2713 et
548 2655 692 2730 plerisque
706 2655 877 2722 Poenorum,
890 2656 973 2730 quasi
986 2657 1048 2713 vie·

182 2756 275 2813 toriae
288 2755 458 2828 praemium,
469 2770 503 2809 ac
517 2769 612 2825 poena
624 2751 712 2808 belli:
733 2757 783 2808 aut
795 2755 927 2810 censoria
940 2755 1048 2812 locatio

184 2853 343 2911 constituta
364 2855 418 2919 est,
435 2855 468 2907 nt
492 2849 593 2916 Asiae,
613 2851 679 2923 lege
707 2849 885 2923 Sempronia.
927 2850 1048 2910 Siciliae

184 2950 322 3010 civitates
335 2949 378 3006 sic
392 2949 424 3006 iu
437 2947 596 3006 amicitiem
610 2947 751 3023 fidemque
774 2950 944 3022 recepimus,
957 2957 989 3009 ut
1002 2970 1048 3010 eo

184 3048 322 3124 ‹lemjure
332 3051 439 3116 essent
451 3065 508 3122 quo
520 3045 660 3105 luissent:
681 3047 784 3105 eadem
797 3048 965 3107 conditione
978 3068 1049 3126 pop-

164 3196 168 3201 .
183 3150 235 3207 ulo
244 3147 377 3206 Romano
385 3131 529 3220 parerent,
541 3163 598 3222 qna
607 3144 665 3203 suis
674 3149 761 3203 antea
773 3147 943 3219 paruissent.
983 3149 1050 3209 Per·

185 3263 296 3322 paucae
318 3245 439 3304 Siciliae
461 3244 598 3303 civitates
618 3248 686 3302 snut
698 3244 776 3302 bello
789 3262 807 3302 a
819 3246 974 3319 marjoribus
987 3266 1051 3310 uos·

186 3343 239 3404 tris
256 3345 409 3403 subactae:
429 3360 548 3434 quarum
560 3357 631 3417 ager
642 3358 709 3400 cum
722 3347 800 3400 esset
812 3344 943 3417 publicus
953 3349 1052 3422 populi

187 3493 1053 3618 etmaaatalutffitaata“manliam

187 3613 416 3736 &mmm
431 3615 461 3664 sti
479 3615 589 3675 obiectam
605 3613 967 3672 enuinunffemnnuennrnn.
997 3615 1053 3664 rm
