2438 4206
364 305 437 357 aer.
454 305 485 356 rr.
500 305 600 362 mene
612 307 762 363 rernm.
955 315 996 378 ω

125 467 232 512 xxxrr.
270 450 370 517 Unum
388 459 420 514 et
439 455 650 532 quinquaginta
670 462 797 516 aretem
815 453 889 518 ¹¹its
909 455 999 514 viden

127 551 267 624 dejectos,
279 563 311 610 ut
325 554 369 611 his
383 572 420 612 ue
436 555 538 614 vicarii
552 556 669 631 quidem
683 555 883 614 successerint.
919 555 998 627 Quot

127 656 263 720 emtores,
276 653 453 712 adveniente
478 658 508 710 le
532 654 647 712 luerunt
668 654 730 728 egri
745 650 935 728 Mutyeneis?
955 650 998 709 vi·

128 750 247 809 deemus
267 769 306 808 ex
320 751 423 810 litteris
437 753 570 828 publicis.
588 771 762 812 cnxxxvnr.
804 749 902 825 Quidl
921 767 999 810 anuo

127 847 236 907 tertio?
267 868 307 906 cr.
334 869 464 908 nxxxru
478 859 605 909 aratores
619 869 692 910 unus
713 869 783 926 eger
804 849 1001 924 istiusinjurie

126 948 284 1016 desideret,
297 956 383 1024 atque
397 951 472 1006 adeo
484 956 582 1008 nostre
598 949 770 1024 respublica,
791 948 928 1023 quoniam
949 948 1001 1004 ille

123 1046 226 1120 populi
250 1047 377 1102 Romani
402 1047 559 1126 vectigalis
579 1054 654 1116 suut,
678 1050 757 1106 hune
781 1051 825 1104 tet
849 1045 1000 1121 patrumfa-

126 1144 226 1203 milias
240 1159 391 1200 numerum
410 1144 555 1202 desideret
574 1150 604 1202 et
622 1146 756 1220 reposcit.
800 1147 882 1220 Ager
896 1141 999 1202 Herbi·

128 1240 221 1298 tensis
241 1240 336 1312 primo
354 1257 433 1298 enne
453 1241 552 1298 hebuit
570 1249 695 1300 aratores
708 1244 849 1300 ducentos
863 1243 1000 1318 quinque·

125 1339 209 1413 ginta
224 1344 344 1412 septem,
360 1339 445 1396 tertio
459 1344 577 1396 eentum
592 1340 705 1414 viginti
727 1341 797 1398 hine
817 1346 937 1398 eetnum
952 1338 1001 1396 tri·

124 1437 207 1512 ginta
240 1443 352 1510 septem
385 1438 606 1512 patreslemilies
640 1445 769 1498 extorres
802 1437 1000 1514 profugerunt.
1035 1435 1049 1445 “

126 1536 323 1610 Agyrinensis
337 1555 415 1612 eger,
428 1554 547 1612 quorum
564 1537 731 1595 hominum!
760 1554 847 1614 qnam
867 1539 1003 1596 honeste·

125 1639 207 1692 nrm!
229 1652 315 1708 quem
335 1637 528 1708 locupletum!
550 1638 690 1693 ducentes
710 1635 920 1712 quinquaginta
940 1653 1002 1694 ere·

125 1737 204 1788 tores
218 1733 320 1790 hebuit
333 1734 425 1805 primo
438 1750 517 1790 enno
531 1739 678 1805 praeturae
698 1739 775 1790 tuee.
816 1733 895 1805 Quid
916 1733 1004 1792 tertie

128 1829 226 1889 aune?
250 1830 410 1906 octogiuta,
427 1831 666 1906 quemadmodum
684 1832 794 1904 legatos
806 1831 1006 1904 Agyrinenses

127 1928 253 1988 renitere
267 1947 305 1987 ex
319 1929 445 2003 publicis
458 1930 564 1987 litteris
584 1928 714 1988 audistis.
756 1929 812 1986 Pro
832 1927 874 1986 dii
894 1929 1059 1994 immor-52

126 2029 219 2086 telest
240 2027 265 2084 si
279 2046 317 2085 ex
337 2028 490 2102 provincie
512 2033 572 2086 tote
595 2033 714 2086 centum
738 2026 921 2102 septuaginta
944 2028 1002 2102 ἢέ-

126 2127 225 2196 eisses,
239 2145 387 2201 possesne,
400 2125 675 2200 seuerisjudieibus,
688 2127 787 2182 selvus
800 2123 886 2184 esset
913 2125 998 2186 Unus

126 2243 196 2300 eger
205 2225 402 2300 Agyrinensis
413 2242 494 2282 enxx
507 2224 664 2282 aratoribus
680 2223 795 2280 inenior
808 2240 875 2280 eum
888 2223 936 2290 sit,
946 2242 1000 2282 vor

126 2326 327 2399 eeqieeturam
349 2324 436 2382 totius
458 2322 629 2396 pruvineise
651 2337 710 2380 nen
733 2317 869 2378 facietis?
904 2322 1003 2394 Atque

127 2425 185 2482 hoe
200 2441 341 2498 peraeque
355 2423 387 2480 in
400 2420 481 2479 omni
493 2438 563 2496 egre
575 2422 739 2478 deeumano
752 2416 921 2492 reperietis:
942 2417 1002 2492 qui·

127 2523 181 2582 bus
194 2521 305 2598 aliquid
319 2527 416 2580 tamen
430 2519 533 2596 reliqui
545 2518 631 2576 luerit
644 2535 683 2576 ex
697 2533 803 2591 magne
816 2515 1001 2590 patrimonio,

127 2639 180 2680 ees
200 2621 233 2682 in
251 2621 328 2695 egris
351 2619 463 2678 minere
482 2618 683 2686 instrumento,
696 2616 791 2674 minus
804 2614 902 2672 multis
911 2614 1003 2688 jugis,

128 2719 315 2788 remansisse,
326 2720 404 2793 quod
425 2717 603 2781 metuebant,
617 2713 642 2770 si
663 2713 860 2782 reeessissent
879 2729 917 2770 ne
938 2711 1007 2770 reli·

128 2835 203 2894 ques
227 2818 355 2876 turtunes
375 2833 476 2874 omnes
500 2813 684 2872 amitterent:
708 2811 810 2887 quibus
827 2815 925 2870 eutem
949 2809 1007 2870 iste

131 2915 212 2976 nihil
237 2915 350 2990 reliqui,
364 2915 439 2990 quod
461 2915 624 2988 perderent,
637 2912 754 2978 teneret,
767 2927 817 2968 eoa
840 2911 927 2983 plene
948 2925 1009 2968 nen

133 3019 230 3074 solum
243 3034 283 3074 ex
298 3015 491 3089 agrieverum
504 3032 541 3070 ex
556 3011 725 3072 civitatibus
739 3008 826 3068 luisse
841 3007 1007 3081 profugisse.

141 3115 192 3174 llli
212 3113 280 3190 ipsi,
292 3113 341 3189 qui
360 3117 566 3182 remanserant,
584 3109 670 3169 ”vix
690 3111 814 3168 decume
834 3123 900 3180 pers
917 3110 1009 3162 eratu-

129 3257 965 3386 mrernmnmtrrpttsttndnstrlenr
980 3255 1010 3304 n

155 3407 179 3439 ¹¹
194 3403 409 3463 iteuldeudejretna]
426 3399 626 3472 deaqusperista
636 3398 733 3469 damus:
754 3396 793 3444 sed
806 3397 954 3466 lerteyernnr
971 3399 1009 3444 ert

131 3466 218 3526 q'rem
249 3465 301 3512 tntr.
313 3479 333 3510 e.
343 3466 380 3512 ⁵2.
391 3463 443 3512 eud.
454 3479 488 3524 pr.
499 3461 537 3509 ubr
546 3473 605 3507 nune
613 3462 648 3504 eat
657 3462 739 3516 erent,
750 3456 832 3504 hubert
839 3457 936 3516 deperire.

165 3545 190 3576 ¹²
204 3543 336 3589 medatem
349 3540 544 3611 persequenter]
569 3540 695 3608 Aratum
702 3536 919 3599 dmlomnplt
948 3534 1010 3588 Mox

129 3601 343 3653 manantur.
355 3605 412 3648 vett.
423 3603 688 3661 mutupreeeerarn
