2428 4212
380 317 451 366 ACT.
468 319 497 368 ll.
513 316 611 366 LlBER
625 317 775 370 curanda.
943 322 1005 380 255

141 462 234 520 classe
247 465 345 539 populi
366 465 491 524 Romani
512 466 704 540 pulcherrima
718 464 832 533 amissa,
845 463 1008 540 provincia-

142 579 198 634 que
222 565 357 634 lacerata,
379 566 535 640 triumphus
566 565 681 622 navalis
712 565 766 623 tibi
796 566 1007 622 decerneretur.

144 661 212 733 Age
235 679 326 734 porro,
339 665 475 722 custodiri
499 666 604 722 ducem
625 665 802 738 praedonum
822 680 900 720 novo
919 673 1059 738 rnorem

143 776 228 832 qnam
252 763 345 820 securi
367 764 445 820 feriri
466 763 596 820 omnium
618 765 754 836 exemplo
779 763 870 836 magis
891 760 1008 834 placuit.

143 857 225 928 Quae
238 865 305 918 sunt
317 861 391 919 istae
402 861 575 920 custodiae?
595 863 671 935 apud
684 879 755 936 quos
769 857 925 918 homines?
944 877 1010 934 que·

138 959 324 1016 madmodurn
338 965 382 1016 est
395 958 581 1017 asservatus?
599 959 800 1036 &Lautumias
812 960 1011 1032 Syracusanas

138 1071 242 1112 onanes
266 1057 402 1114 audistis:
434 1057 561 1132 plerique
584 1059 684 1116 nostis.
725 1060 805 1132 Opus
827 1062 871 1115 est
898 1057 1011 1130 ingens,

138 1155 335 1226 magnificum,
350 1174 449 1230 regum
463 1173 498 1212 ac
513 1161 708 1229 tyrannorum.
723 1163 814 1214 totum
828 1163 873 1214 est
886 1174 923 1212 ex
939 1172 1011 1212 saxo

139 1251 173 1308 ir
188 1252 348 1310 mirandam
362 1254 545 1322 altitudinem
557 1255 702 1327 depresso,
712 1261 743 1310 et
752 1257 903 1311 multorom
917 1253 1012 1328 operis

139 1350 258 1422 penitus
272 1352 382 1410 exciso.
403 1353 476 1409 nihil
491 1359 551 1410 tam
562 1355 691 1408 clausum
705 1353 742 1408 ad
753 1351 940 1424 exitus,nihil
954 1359 1014 1408 tam

138 1454 254 1522 septum
268 1451 403 1526 undique,
424 1451 497 1508 nihil
521 1457 581 1508 tarn
605 1455 697 1508 tutum
720 1451 757 1507 sd
781 1451 936 1516 custodias,
958 1466 1014 1508 nec

138 1547 213 1616 fieri,
228 1549 411 1624 neccogitari
426 1554 530 1624 potest
552 1551 587 1607 ln
603 1551 654 1606 has
671 1549 833 1614 lautumias,
848 1547 931 1622 siqui
946 1549 1014 1621 pub-

140 1645 201 1702 lice
213 1648 395 1704 custodiendi
402 1655 478 1716 sunt,
491 1649 580 1708 etiam
591 1668 630 1705 ex
643 1649 748 1705 ceteris
763 1648 877 1720 oppidis
893 1646 1014 1704 Siciliae

140 1743 250 1800 deduci
270 1745 454 1817 imperantur.
494 1747 540 1802 Eo
562 1748 638 1819 qnod
657 1748 762 1803 multos
786 1745 919 1818 captivos
933 1745 1016 1801 cives

143 1842 295 1900 Romanos
319 1843 494 1916 conjecerat,
508 1848 538 1899 et
557 1845 632 1917 qnod
653 1845 757 1900 eodem
779 1849 892 1900 ceteros
910 1843 1017 1916 piratas

143 1940 282 1998 contrudi
305 1941 478 2015 imperarat3
508 1941 666 2009 intellexit,
689 1941 716 1998 si
740 1943 817 1998 hunc
831 1940 1017 1998 subditicium

140 2039 347 2112 archipiratam
362 2040 392 2096 in
407 2041 530 2097 eandem
550 2039 711 2097 custodiam
724 2040 860 2108 dedisset,
875 2041 984 2107 terent
996 2058 1016 2096 a

137 2138 250 2206 multis,
264 2137 322 2196 iltis
336 2138 367 2195 in
382 2139 536 2206 lautumiis,
549 2137 570 2170 ³⁷
581 2157 666 2195 verus
680 2138 731 2195 ille
746 2140 805 2195 dux
820 2142 1012 2213 quaereretur.

135 2239 242 2312 ltaque
264 2237 412 2293 hominem
434 2237 501 2292 lraic
527 2237 656 2309 optimae
678 2235 895 2311 tutissimaeque
920 2243 1013 2294 custo·

134 2335 207 2393 diae
223 2353 280 2390 non
302 2336 389 2390 audet
408 2334 597 2390 committere.
618 2334 743 2409 denique
765 2336 924 2408 Syracusas
939 2341 1013 2392 totas

137 2434 247 2492 timet:
268 2433 416 2489 Amandat
429 2433 585 2490 hominem.
606 2430 686 2507 quo?
700 2433 874 2506 Lilybaeum
885 2433 1012 2490 sonasse.

137 2532 259 2589 Video:
281 2536 378 2588 tamen
392 2531 524 2588 homines
538 2530 696 2588 maritimos
714 2549 774 2588 non
788 2534 875 2604 plane
889 2530 1014 2590 reformi-

134 2633 201 2690 dat.
244 2629 379 2698 Minime,
394 2630 520 2702 judices.
562 2631 736 2687 Panormum
756 2626 870 2702 igitur?
894 2630 1013 2686 Audio:

135 2735 313 2804 quamquam
329 2729 490 2802 Syracusis,
504 2728 639 2801 quoniam
662 2729 692 2783 in
715 2728 899 2800 Syracusano
912 2733 1013 2800 eaptus

137 2833 216 2893 erat,
230 2827 366 2892 maxime,
379 2825 405 2882 si
428 2825 523 2882 minus
544 2826 687 2898 supplicio
708 2825 795 2892 allici,
819 2831 849 2882 at
876 2825 1014 2884 custodiri

135 2926 302 3000 oportebat.
335 2925 383 2980 Ne
401 2925 573 2982 Panormum
584 2925 709 3001 quidem.
752 2923 1014 3002 Qnidigiturlqno
1099 2935 1102 2940 “

138 3023 252 3100 putatis
264 3020 276 3079 l
297 3025 348 3080 Ad
362 3023 493 3081 homines
507 3041 524 3080 a
539 3023 693 3097 piratarum
707 3028 785 3082 metu
800 3030 830 3081 et
849 3024 1013 3098 suspicione

138 3122 354 3181 alienissimos:
375 3140 394 3178 a
415 3123 582 3196 navigando
606 3125 745 3198 rebusque
759 3123 911 3181 maritimis
925 3141 1014 3182 remo·

139 3221 279 3289 tisslmos,
292 3223 330 3279 ad
344 3221 558 3294 Centuripinos,
579 3223 710 3278 homines
734 3220 861 3278 maxime
883 3221 1014 3280 mediter·

155 3375 193 3445 ,Ὗ
208 3373 340 3422 [mutuemus
347 3375 435 3445 Syrus]
447 3375 475 3420 de
490 3374 525 3420 his
534 3387 615 3434 operae
624 3374 720 3435 pretium
731 3373 760 3420 sit
778 3373 853 3431 legere
862 3373 946 3421 tradita
955 3375 1013 3424 Dor-

138 3433 208 3480 rrllrc
217 3448 239 3478 an
252 3433 336 3480 Itinere
345 3434 421 3481 Siculo
429 3449 452 3495 p.
465 3437 512 3482 180.

171 3511 194 3545 ⁸⁷
209 3525 274 3558 verre
281 3510 322 3557 ille
330 3512 379 3559 dua
386 3513 538 3572 quaereretur]
554 3510 685 3572 aspiratae,
696 3511 719 3558 in
731 3510 844 3560 lautumiis
853 3513 892 3574 qni
901 3518 981 3569 essem,
988 3517 1013 3560 et

133 3571 203 3620 illum
216 3569 374 3632 archipiratam
384 3576 479 3629 nossem,
491 3573 549 3617 hunc
558 3585 603 3616 non
616 3575 766 3630 agnoscerent,
777 3576 802 3618 et
809 3585 886 3620 verum
891 3571 1011 3631 archipira-

138 3637 190 3680 m
199 3628 351 3678 nuisement
356 3644 364 3687 3
380 3645 401 3674 r.
412 3629 477 3677 Clas.
489 3629 511 3676 in
520 3643 632 3690 Μαι.
