2486 4212
363 327 435 378 scr.
452 328 481 378 ιι.
496 322 768 380 muneramus.
939 327 1002 394 14³

134 491 170 535 rc
183 473 272 534 liberi
297 473 413 534 inerunt
434 477 472 532 ab
485 475 564 532 omni
582 481 688 542 sumtu,
708 472 849 552 molestie,
871 489 1000 532 munere.

138 573 222 634 Hinc
234 574 287 632 illa
303 574 415 631 Verrea
428 580 496 632 nate
509 579 593 630 sunt:
615 574 684 631 binc
699 575 731 632 in
744 573 914 630 convivium
929 573 1001 630 Sex.

137 671 305 730 Cominium
319 672 443 744 protrahi
451 671 549 744 jussit,
568 670 599 727 in
613 689 697 744 quem
709 673 852 744 scyphum
864 671 901 728 de
915 687 1002 730 manu

129 769 231 844 jacere
244 773 364 826 conatus
378 776 437 826 est:
459 785 546 843 quem
560 771 673 826 obtorta
688 773 755 843 gula
768 772 806 826 de
816 769 956 827 convivio
969 770 1002 826 in
1040 819 1049 842 q

138 869 255 928 vincula
270 875 355 942 atque
370 869 400 934 in
412 869 546 926 tenebras
560 867 652 940 abripi
660 869 756 942 jussit.
778 868 847 924 hinc
857 868 909 924 ille
921 883 1003 934 crux,

137 966 169 1024 in
183 985 268 1041 quam
281 967 380 1024 civem
394 967 557 1025 Romanum
570 966 633 1034 iste,
647 967 745 1024 multis
764 966 1004 1038 inspectantibus,

137 1064 276 1122 sustulit:
297 1080 382 1136 quam
405 1081 463 1118 non
484 1080 569 1120 ausus
592 1069 636 1120 est
658 1081 776 1138 usquam
794 1063 931 1138 defigere,
946 1061 1004 1122 nisi

140 1163 216 1233 epud
230 1177 289 1224 ecs,
311 1160 480 1232 quibuscum
501 1160 599 1216 omnia
611 1164 721 1218 scelera
733 1179 784 1218 sue
796 1179 832 1219 ac
851 1160 1005 1220 latrocinia

142 1257 395 1314 communicasset.
436 1258 597 1314 Laudatum
608 1259 695 1314 etiam
710 1275 762 1314 vos
774 1277 941 1333 quemquam
955 1277 1004 1316 ve·
1016 1259 1053 1320 ll
1116 1236 1125 1253 ⁰

142 1353 206 1412 nire
228 1352 363 1412 audetis?
390 1369 446 1427 qus
472 1353 664 1412 auctoritate?
694 1361 797 1422 utrum,
823 1374 907 1429 quam
931 1357 1007 1428 apud

140 1453 317 1537 senatorium
340 1451 480 1519 ordinent,
498 1469 535 1508 an
550 1469 636 1525 quam
655 1455 730 1525 apud
751 1455 886 1525 populum
904 1454 1009 1510 Roma·

139 1569 209 1609 num
224 1531 329 1608 babere
344 1548 480 1607 debetis?
500 1549 619 1624 Ecqune
631 1551 738 1607 civitas
753 1557 806 1618 est,
819 1549 838 1582 ²¹
850 1569 909 1608 non
922 1553 1008 1608 modo

142 1649 175 1706 in
191 1648 351 1720 provinciis
366 1649 480 1715 nostris,
494 1665 596 1706 verum
605 1648 636 1706 in
651 1649 759 1706 ultimis
770 1650 944 1716 nationibus,
957 1654 1008 1708 aut

144 1750 206 1803 tarn
220 1751 332 1818 potens,
343 1750 392 1803 aut
405 1751 464 1802 tam
479 1748 638 1812 libermaut
651 1747 739 1802 etiam
753 1752 812 1803 tam
825 1747 959 1804 immanis
971 1763 1008 1804 nc

144 1845 284 1911 barbam
305 1859 357 1910 rex
371 1843 495 1916 denique
509 1842 607 1915 ecquis
620 1849 673 1908 est
686 1843 735 1916 qui
748 1850 909 1901 senatorem
923 1861 1010 1917 popu·

145 1941 168 2000 li
183 1940 310 1998 Romani
325 1946 403 1997 tecto
417 1957 451 1996 ac
466 1941 552 1996 domo
566 1956 624 1997 non
635 1938 764 1997 invitet?
782 1941 831 2014 qui
845 1943 937 1998 honos
951 1957 1011 2000 non

142 2039 255 2096 homini
278 2041 371 2096 solum
392 2040 522 2104 habetur,
536 2040 588 2096 sed
612 2038 734 2111 primum
749 2041 854 2111 populo
867 2040 1010 2110 Romano,

142 2138 225 2210 eujus
240 2137 383 2194 beneficio
396 2153 448 2193 nos
464 2136 494 2192 in
510 2136 587 2192 bunc
600 2136 731 2194 ordinem
746 2136 888 2204 venimus,
900 2139 1008 2196 deinde

142 2235 253 2292 ordinis
268 2233 441 2301 auctoritati,
455 2250 528 2306 quae
543 2234 599 2290 nisi
621 2233 719 2306 gravis
738 2234 794 2290 erit
815 2236 891 2306 apud
903 2237 1009 2304 socios,

145 2333 180 2390 iu
194 2337 309 2388 exterae
331 2331 473 2396 nationes,
492 2330 543 2386 ubi
558 2330 613 2386 erit
626 2331 740 2402 imperii
754 2332 860 2389 nomen
873 2337 905 2389 et
917 2333 1010 2406 digni·

141 2427 215 2487 tus?
236 2421 402 2484 Mamertini
416 2444 462 2483 me
482 2427 596 2500 publice
619 2443 678 2484 non
691 2427 862 2486 invitarunt.
882 2446 929 2488 ma
942 2445 1011 2488 cum

141 2527 224 2593 dico,
237 2528 303 2582 leve
318 2530 377 2582 est:
398 2528 561 2583 senatorem
574 2525 674 2598 populi
687 2526 812 2584 Romani
822 2527 848 2584 si
862 2544 920 2585 non
933 2521 1010 2588 invi·

141 2629 290 2690 inverunt,
305 2625 442 2681 honorem
456 2624 585 2680 debitum
606 2625 801 2690 detraxemnt
813 2641 872 2682 nnn
889 2627 1011 2698 bomini,

139 2724 197 2780 ned
211 2721 335 2798 ordini„
357 2723 435 2777 Nana
453 2720 510 2790 ipsi
525 2719 627 2776 Tullio
640 2722 758 2791 patebat
772 2722 873 2778 domus
886 2725 1012 2795 locuple·

140 2818 260 2878 tissima
280 2823 311 2873 et
334 2816 511 2889 amplissima
536 2817 591 2872 Cn.
612 2816 742 2889 Pompeii
763 2819 917 2876 Basilisci:
945 2837 1010 2894 quo,

141 2916 265 2976 etiamsi
289 2921 365 2970 essct
392 2912 532 2970 invitatus
551 2931 570 2970 a
592 2913 687 2980 vobis,
708 2920 803 2974 temen
827 2918 1009 2978 devertisset.

137 3013 221 3076 Erat
245 3013 333 3070 etiam
356 3011 588 3078 Percenniorum,
610 3013 658 3086 qui
683 3031 759 3072 nunc
783 3016 854 3074 item
877 3017 1009 3092 Pompeji

60 3143 67 3154 ·
141 3117 224 3180 sunt,
238 3113 338 3168 domus
351 3109 571 3167 honestissima:
593 3130 649 3185 quo
662 3113 697 3169 L.
706 3113 793 3169 irater
806 3131 884 3171 meus
898 3133 1009 3172 summa

141 3211 263 3270 illorum
287 3212 437 3266 voluntate
459 3209 594 3265 devertit.
614 3216 729 3266 senator
756 3211 854 3283 populi
874 3212 1009 3280 Romani,

173 3365 196 3398 m
212 3364 327 3410 mmo
336 3361 519 3432 -5nnticraihsu.]
535 3360 742 3429 ¹lieatituilprinrnum
757 3362 825 3416 ando,
839 3363 896 3432 quod
907 3363 1010 3413 omiserat

142 3423 263 3478 Gruterus,
279 3437 328 3468 eum
343 3426 372 3466 sat
388 3435 411 3465 ιιι
426 3421 477 3464 edd.
489 3434 522 3479 pr.
534 3424 588 3464 rtem
601 3419 727 3464 rusticaretur
740 3434 781 3479 pro
796 3423 940 3479 irroboretur,
951 3427 1010 3486 quod

141 3487 198 3528 emt
208 3485 324 3539 precatum
342 3477 525 3538 typographicam
542 3477 578 3523 ed.
591 3477 667 3524 bamb.
678 3485 761 3524 temere
771 3494 784 3523 a
801 3479 898 3527 Gmrtero
907 3489 930 3527 et
939 3484 1008 3532 Gron.

142 3541 268 3596 servatum,
276 3544 302 3586 ut
311 3538 368 3586 bene
376 3536 484 3585 Graevius
492 3536 557 3584 vidit.
588 3535 660 3584 aber
668 3539 744 3583 tamen
752 3539 813 3586 made
822 3543 846 3585 et
855 3555 869 3586 n
877 3541 925 3588 Ms.
935 3543 979 3590 Gn.
