2428 4212
212 335 275 394 Μ
553 324 588 372 ΙΝ
601 321 746 372 vanum

212 495 275 536 rere
288 477 375 544 velle,
387 478 420 532 ut
433 476 470 531 ab
483 473 526 532 eis
546 489 704 532 marmorea
717 469 821 526 Venus
841 467 894 526 illa
913 467 1078 526 auferatur?

211 577 280 651 quid
305 576 493 643 Tarentinos,
517 579 550 632 ut
578 573 723 645 Europam
754 572 786 628 in
818 574 902 627 tauro
929 571 1078 628 sedentem

210 673 370 734 amittant?
389 680 422 733 ut
438 677 585 749 Satyrum,
599 672 646 747 qui
660 672 735 745 apud
749 671 816 728 illos
830 669 863 726 in
877 669 950 726 aede
969 669 1078 728 Vestae

210 772 276 832 est?
296 779 328 831 ut
341 771 459 832 cetera?
479 773 547 847 quid
562 770 770 843 Thespieuses‚
794 774 827 826 nt
849 767 1002 840 Cupidinis
1023 769 1077 843 sig·

211 891 289 940 num,
311 873 520 946 propterquod
543 887 631 928 unum
655 868 788 925 visuntur
813 864 988 940 Thespiae?
1007 867 1076 941 quid

212 971 343 1038 Cnidios,
356 975 388 1029 ut
410 971 558 1028 Venerem
579 963 790 1026 marmoream?
811 966 889 1040 quid,
910 971 941 1024 ut
959 965 1075 1040 pictam,

211 1066 308 1126 Coos?
327 1068 395 1143 quid
406 1067 558 1141 Ephesios,
572 1073 604 1125 ut
618 1062 844 1124 Alexandrum?
865 1065 933 1139 quid
954 1065 1076 1138 Cynice-

209 1185 272 1234 nos,
285 1173 317 1224 ut
332 1169 468 1244 Ajacem,
481 1172 531 1224 aut
545 1163 703 1223 Medeam?
724 1165 792 1239 quid
813 1165 953 1232 Rhodios,
974 1168 1006 1220 ut
1028 1165 1076 1220 Ja-

209 1263 327 1339 lysum?
348 1266 417 1340 quid
431 1265 639 1332 Athenienses,
653 1273 685 1322 ut
704 1281 742 1320 ex
764 1280 904 1321 marmore
929 1264 1077 1329 Iacchum,

209 1370 259 1422 aut
274 1365 408 1424 Paralum
421 1365 539 1439 pictum,
554 1369 602 1420 aut
620 1381 660 1420 ex
680 1381 747 1420 aere
762 1360 895 1436 Myronis
920 1359 1076 1420 buculam?

210 1463 344 1538 Longum
356 1469 401 1520 est
414 1469 444 1520 et
458 1481 516 1520 non
531 1461 735 1528 necessarium,
756 1477 991 1528 commemorare,
1005 1477 1076 1536 quae

208 1564 284 1634 apud
308 1579 434 1636 quosque
455 1556 578 1617 visenda
602 1565 668 1616 sunt
691 1565 752 1616 tota
777 1561 850 1617 Asia
884 1565 915 1617 et
943 1559 1077 1618 Graecia.

207 1657 230 1690 ⁶⁴
237 1679 337 1717 verum
348 1660 418 1718 illud
424 1661 667 1734 estquamobrem
677 1660 751 1716 baec
759 1677 994 1727 commemorem
1004 1659 1079 1734 quod

210 1759 376 1819 existimare
399 1777 452 1816 vos
476 1760 532 1817 hoc
558 1760 634 1827 volo,
660 1759 763 1816 mirum
784 1759 929 1833 quendam
949 1760 1078 1816 dolorem

157 1863 196 1921 61
210 1859 344 1917 accidere
357 1859 403 1926 iis,
415 1876 452 1915 ex
466 1875 585 1932 quorum
599 1857 800 1914 urbibus'haee
815 1857 989 1913 auferantur.
1026 1859 1079 1916 Al·

210 1976 275 2032 que,
289 1963 320 2016 ut
333 1963 445 2014 ceteros
459 1957 634 2024 omittamus,
645 1959 681 2013 de
703 1955 772 2030 ipsis
799 1955 991 2028 Syracusanis
1012 1973 1079 2030 cog·

210 2055 345 2112 noscite:
381 2055 418 2110 ad
445 2071 515 2127 quos
543 2072 598 2127 ego
625 2071 691 2111 cunr
719 2055 875 2122 venissem,
904 2054 947 2112 sic
985 2055 1079 2127 primo

209 2151 422 2219 existimabam,
435 2156 467 2208 ut
481 2151 592 2208 Romae
612 2171 651 2208 ex
673 2153 755 2210 istius
777 2153 879 2210 amicis
899 2134 1080 2226 acceperam,

209 2251 363 2308 civitatem
373 2251 587 2324 Syracusanam
602 2257 717 2324 propter
728 2253 861 2308 Heraclii
880 2252 1082 2320 hereditatem}

210 2369 270 2408 non
283 2350 377 2408 minus
391 2366 454 2406 esse
465 2350 516 2406 isti
531 2351 663 2418 amicam,
676 2367 763 2424 quam
778 2351 984 2408 Mamertinam
997 2369 1080 2425 prop-

211 2454 255 2507 ter
265 2450 433 2522 praedarum
446 2465 481 2504 ac
496 2447 633 2505 furtorum
646 2449 773 2506 omnium
787 2451 978 2508 societatem:
993 2450 1079 2508 simul

211 2551 241 2604 et
255 2549 385 2613 verebar,
398 2565 436 2603 ne
450 2547 600 2606 mulierum
622 2547 761 2604 nobilium
775 2555 804 2605 et
819 2549 1004 2606 formosarum
1018 2569 1080 2624 gra·

210 2647 261 2716 tia,
276 2663 393 2722 quarum
408 2645 463 2703 iste
477 2645 595 2702 arbitrio
609 2650 769 2720 praeturam
783 2665 833 2720 per
848 2649 1004 2706 triennium
1019 2667 1081 2722 ges-

211 2751 296 2814 serat,
310 2747 501 2820 virorumque,
515 2745 684 2820 quibuscum
694 2745 762 2802 illae
774 2751 880 2820 nuptae
889 2752 981 2814 erant,
991 2748 1083 2809 nimia

91 2895 105 2908 ,
133 2855 138 2870 ’
211 2847 243 2902 in
257 2845 344 2926 istum
363 2843 384 2875 ⁸⁵
395 2863 453 2900 non
467 2845 553 2900 modo
567 2843 737 2912 lenitudine,
746 2847 797 2902 sed
806 2845 895 2903 etiam
904 2846 1082 2905 liberalitate

212 2958 400 3015 oppugnarer,
414 2941 520 3015 siquid
534 2960 573 2998 ex
584 2942 687 2998 litteris
704 2945 950 3016 Syracusanorum
963 2945 1085 3020 conqui-

212 3056 313 3096 rerem.
335 3038 435 3112 ltaque
452 3039 604 3112 Syracusis
619 3057 685 3096 cum
699 3042 815 3100 civibus
829 3045 970 3102 Romanis
985 3060 1083 3102 eram:

242 3193 370 3250 Μικίψα,
394 3193 540 3239 uomobrem-
553 3221 563 3230 -
577 3209 745 3242 commemmem.
788 3197 825 3242 Sic
833 3197 893 3244 edidi
905 3213 934 3246 er
942 3199 994 3244 edd.
1043 3205 1087 3246 .et

213 3254 262 3302 Mo,
273 3251 316 3300 Gn.
347 3209 419 3322 nMus
429 3251 515 3322 indunit
522 3255 714 3301 mmmeoaerorim.
742 3197 800 3302 l?lud
809 3257 918 3304 corseutit
927 3215 1086 3305 sententgeet

213 3316 337 3360 atmctume
346 3313 431 3358 latrnae
441 3311 566 3359 subtilitati.
597 3311 621 3360 N
622 3329 658 3359 arn
667 3315 766 3374 pertinet
776 3314 842 3362 etiarn
851 3315 880 3361 ad
889 3318 1009 3378 sequeutia

244 3391 266 3423 ⁶⁵
280 3392 531 3448 camaracenorum,
542 3393 580 3439 sad
587 3393 616 3452 a]
647 3393 721 3448 Modo,
731 3393 784 3454 quia
793 3392 817 3439 in
827 3394 925 3454 pluribus
939 3395 997 3442 Mss.
1016 3396 1040 3442 in
1049 3395 1090 3443 b'n

215 3447 285 3495 etiam
294 3447 337 3493 Gu.
349 3454 449 3506 ert,eum
459 3450 645 3512 Gramiomeepi,
657 3451 902 3500 eteietiamsinermdo
1010 3453 1091 3502 eren-t

214 3509 289 3570 potest
299 3506 378 3553 oratio.
411 3509 455 3554 Sed
465 3509 604 3566 beatitudine,
614 3511 750 3570 quodetiam
771 3510 878 3572 Graevio,
893 3518 959 3572 capto
972 3513 1093 3571 aegentia

215 3563 287 3620 verbi,
298 3563 380 3622 arrisit,
390 3581 434 3612 non
444 3566 525 3627 placet.
556 3569 598 3615 Est
612 3569 649 3615 bie
657 3570 758 3618 beardo
766 3571 794 3620 io
809 3569 833 3616 V
830 3585 909 3630 mem,
918 3585 975 3632 quse
984 3575 1046 3620 necte
1053 3569 1093 3624 lll-

215 3625 280 3682 eitur,
291 3621 400 3674 bouada
409 3625 435 3673 in
444 3625 546 3689 αὶίςιιεπι,
555 3641 701 3692 nequaquam.
