2428 4212
386 345 460 400 aba.
477 345 506 398 ll.
523 345 621 398 LIBER
634 343 795 402 uusnwa.
963 349 1023 416 195

156 503 192 557 ut
212 495 413 556 acerbissimus
439 501 501 554 tota
523 497 594 554 urbe
618 497 711 554 luctus
736 495 846 554 venari
869 495 1025 558 videratur.

159 587 229 654 Non
238 593 473 668 illidecumarum
483 593 615 667 imperia,
624 611 684 650 non
694 596 832 653 bonorum
840 594 1026 668 direptiones,

160 711 220 752 non
233 694 332 768 iniqua
339 691 462 766 judicia,
477 709 537 749 non
550 691 810 765 importunissimas
829 693 911 751 istius
933 693 1027 751 libidi-

156 806 218 860 nes,
231 809 291 849 non
313 789 384 858 uim,
403 807 463 848 non
487 782 691 858 contumelias,
710 789 840 866 ³“quibus
864 791 958 864 operti
977 807 1027 866 op-

157 890 305 966 pressique
334 895 427 958 eraut,
465 891 735 962 conquerebantur:
765 891 881 950 cereris
910 907 1027 958 numen,

157 1006 304 1046 sacrorum
317 992 505 1054 vetustatem,
518 987 579 1044 tani
601 987 782 1061 religionem,
801 987 884 1046 istius
906 991 1028 1046 scelera·

158 1087 266 1146 tissimi
281 1091 368 1160 atque
382 1084 567 1142 audacissimi
579 1085 722 1158 supplicio
741 1085 854 1159 expiari
870 1087 1027 1144 volebantz

160 1185 262 1243 omnia
285 1202 317 1241 se
338 1188 437 1242 cetera
463 1182 525 1257 pati
544 1201 579 1240 ac
603 1184 750 1257 negligere
773 1183 921 1243 dicebant.
969 1184 1028 1242 Hic

163 1285 249 1340 dolor
279 1287 342 1340 erat
374 1286 478 1348 tantm,
502 1284 534 1338 nt
548 1281 666 1349 Verres,
692 1281 766 1338 alter
787 1283 888 1349 Orcus,
910 1281 1029 1342 venisse

160 1381 286 1448 Enuam,
307 1385 339 1438 et
361 1397 421 1437 non
445 1379 649 1453 Proserpinam
671 1382 843 1451 asportasse,
864 1381 915 1437 sed
936 1380 1030 1453 ipsam

162 1479 322 1553 abripuisse
333 1479 472 1538 cererem
484 1478 642 1536 videretur.
683 1475 802 1534 Etenim
816 1479 882 1536 urbs
894 1477 948 1535 illa
970 1494 1030 1535 non

158 1577 362 1644 urbsvidetur,
382 1578 433 1634 sed
454 1577 554 1634 lanum
567 1575 683 1634 Cereris
706 1591 781 1632 esse.
801 1575 933 1634 babitare
953 1577 1031 1649 apud

159 1691 225 1731 sese
247 1675 385 1731 Cererem
408 1675 562 1732 Ennenms
586 1674 780 1732 arbitrantur:
811 1679 844 1731 ut
870 1674 943 1732 mihi
970 1691 1030 1732 uon

159 1772 244 1829 ciues
265 1771 343 1829 illius
365 1770 506 1838 civitatis,
527 1772 579 1826 sed
602 1787 703 1828 omnes
729 1772 904 1841 sacerdotes,
927 1789 1029 1833 omncs

160 1871 281 1927 accolae
317 1872 404 1942 alque
439 1867 587 1924 antistites
622 1868 737 1926 Cereris
773 1885 838 1926 esse
865 1871 1029 1930 videantur.

156 1965 179 2000 ³⁸
188 1967 277 2026 Enna
289 1971 320 2024 tu
331 1967 515 2023 simulacrum
524 1956 639 2024 Cereris
649 1968 750 2024 tollere
762 1966 910 2028 audebas?
923 1969 1028 2028 liunus

158 2073 191 2124 tu
202 2067 240 2124 de
253 2083 341 2124 ιιιιιιιιι
355 2063 471 2123 Cereris
485 2064 649 2124 Victoriam
661 2065 802 2140 deripere,
813 2073 843 2126 et
855 2069 941 2127 deam
953 2071 1028 2128 deas

154 2165 306 2224 detrahere
335 2169 457 2222 conatus
480 2159 537 2222 esi
566 2181 687 2238 quorum
710 2165 786 2224 nibil
808 2167 929 2235 violare,
952 2167 1028 2226 nibil

156 2263 301 2338 attingere
324 2262 389 2319 ausi
408 2265 485 2328 ιιιιιι,
513 2258 572 2318 ³⁵iu
596 2262 698 2336 quibus
718 2267 802 2320 erunt
824 2265 933 2332 omnia,
954 2278 1028 2339 quae

156 2362 263 2420 sceleri
293 2359 426 2433 propiora
450 2363 527 2426 sunt,
547 2377 633 2433 quam
655 2359 801 2434 religioni.
855 2361 1029 2421 'I'enuemut

158 2459 248 2527 enim,
262 2458 296 2516 P.
312 2456 439 2531 Popillio
452 2457 487 2514 Ρ.
507 2457 626 2532 Rupilio
646 2458 823 2525 oonsulibus,
835 2458 919 2516 illum
930 2460 1029 2519 locum

157 2557 245 2625 servi,
258 2556 383 2631 fugitivi,
397 2555 519 2624 barbari,
542 2557 649 2614 hostes.
671 2557 723 2618 sed
746 2573 841 2632 neque
867 2561 927 2616 tam
948 2559 1027 2618 servi

154 2656 201 2714 illi
213 2655 404 2722 dominorum,
417 2668 503 2727 quarn
516 2658 548 2710 tu
562 2653 715 2710 libidinum
729 2673 736 2709 :
756 2672 851 2729 neqm
873 2661 932 2714 tam
954 2657 1027 2732 lugi.

154 2754 214 2814 tivi
225 2753 272 2810 illi
285 2770 304 2809 a
316 2751 452 2818 dominis,
464 2767 551 2824 quam
563 2755 594 2808 tu
608 2767 628 2807 a
632 2751 700 2822 jure
713 2756 744 2807 et
757 2752 911 2826 alegibus:
932 2772 1026 2830 neque

155 2847 340 2909 tambarbari
353 2847 453 2922 lingua
465 2851 497 2903 et
508 2847 628 2905 natione
642 2846 696 2915 illi,
709 2863 795 2922 quam
818 2854 850 2908 tu
869 2856 972 2910 nabrra
994 2858 1027 2912 et

184 3000 476 3108 mfflm9p0nloppm
475 3000 634 3074 wenni]
666 3001 833 3050 Graeviicusb
848 3005 1022 3057 mmsebla

151 3060 238 3110 duobus
248 3015 476 3121 mespitcemfimm
480 3061 642 3107 .utestetio
649 3059 693 3106 Gn.
725 3061 824 3118 Ferrem,
836 3061 1022 3113 riolnrbesset.

20 3091 25 3102 ⁸
139 3121 331 3172 ,Βοᾶοιοριήιη
339 3124 416 3174 satrapas
450 3123 467 3161 t.
500 3117 743 3178 ermestgloaav
729 3119 913 3168 vemelectionis.

182 3192 426 3240 “Emetusiosal
437 3191 531 3262 §.]u
501 3193 565 3262 auspi
565 3200 627 3242 casm
617 3211 692 3251 s,sum
702 3198 970 3265 oeoelegendumnmra.
996 3203 1024 3250 ld

151 3251 296 3367 ffihinMs.
314 3249 358 3298 Gu.
375 3249 547 3320 reperimcepi.
578 3252 646 3299 &aas
664 3253 861 3311 atiualtero,u
848 3255 969 3316 bulcem,
984 3259 1023 3310 uba

85 3367 88 3374 γ
183 3315 279 3358 nacturus
297 3308 434 3370 exprimitur.

181 3390 205 3422 ³⁵
218 3387 372 3456 iupuslcreo
372 3387 824 3460 .puoescsleripropicrusuutprrourreil
835 3391 955 3461 Smpiroo
959 3394 1023 3446 cios·

156 3444 722 3508 memmpcimaoucuomleriproplomfflroru
835 3449 1023 3516 '.Namlonguet

152 3461 1018 3620 didmmtlfflidbttldln‘sffinbm
936 3513 1020 3624 ⁵¹⁰¹·

151 3620 311 3674 unow-
324 3620 433 3668 -uusna
476 3577 557 3624 unge
