2460 4200
306 379 309 386 .
367 338 439 390 acu.
455 339 485 388 u.
500 336 599 388 uana
615 337 763 389 reantur.
972 341 1010 402 18

149 485 274 561 ingenio
285 486 392 563 aliquid
402 493 549 546 asseeurm
562 485 618 546 esi
638 491 682 545 tot
695 485 825 544 homines
835 483 1011 561 sapientissi-

150 603 213 645 mos
226 594 258 644 et
265 589 447 655 clarissimos,
457 587 506 662 qui
519 587 601 645 lllam
614 586 794 660 provinoian
807 591 875 643 ante
890 593 919 642 te
932 592 1011 645 tenu·

152 691 244 754 erunt,
267 687 420 759 prudentio
441 685 621 760 consilioque
644 681 763 744 vicisti?
790 684 843 741 Est
863 689 951 752 tunm,
967 689 1013 743 est

146 783 259 858 ingenii
271 785 498 860 diligentiaeque
511 788 588 841 tuae.
630 785 679 842 Do
692 785 748 840 lroo
762 783 816 840 tibi
829 789 860 841 et
872 785 1011 841 concedo.

146 882 218 950 reio,
231 889 261 940 te
275 883 396 951 Romae,
409 900 477 942 eum
498 889 611 958 praetor
623 898 710 949 esses,
723 881 822 940 edicto
842 887 892 939 tuo
905 898 1013 955 posses·

145 981 242 1038 aiones
261 983 452 1040 hereditatum
464 980 513 1039 “a
529 982 587 1040 suis
600 984 637 1039 ad
650 983 798 1049 alienum
815 981 914 1054 primis
932 983 1013 1038 lrere·

144 1079 229 1137 dions
243 1080 281 1138 od
290 1082 445 1144 seeundos,
459 1097 477 1137 a
491 1081 603 1154 legibus
617 1083 653 1138 ad
668 1081 818 1138 libidinem
832 1084 910 1136 tuam
924 1085 1013 1136 trans·

149 1177 259 1234 tulisse.
280 1178 352 1243 seio,
366 1182 396 1232 te
409 1161 507 1235 edicta
519 1180 694 1251 superiorum
703 1177 830 1236 omnium
843 1179 1013 1247 correxisse,

150 1279 182 1333 et
203 1275 399 1347 possessiones
422 1276 612 1333 hereditatum
633 1295 690 1331 non
712 1278 869 1332 seeundum
885 1294 946 1342 eos,
963 1275 1013 1350 qui

148 1373 316 1447 proferrent,
329 1374 381 1429 sed
401 1375 560 1429 seeundum
574 1391 633 1440 eos,
653 1371 702 1445 qui
715 1374 848 1429 dicerent
861 1379 1014 1430 testamen-

149 1476 210 1529 tum
224 1472 339 1540 laetum,
352 1472 484 1529 dedisse:
505 1489 609 1545 easque
624 1489 668 1528 res
684 1487 774 1527 novas
785 1473 835 1526 abs
846 1475 875 1526 te
887 1475 1011 1544 prolatas

150 1577 181 1629 et
190 1573 328 1630 iuventas
342 1589 446 1645 magno
460 1571 514 1628 tibi
528 1571 658 1645 quaestui
679 1569 765 1626 luisse
779 1570 857 1626 seio:
877 1572 1014 1628 eundem·
1067 1595 1079 1618 ι

152 1686 208 1743 qne
222 1675 252 1726 te
266 1669 387 1726 memini
407 1667 555 1725 censorias
568 1685 679 1741 quoque
698 1670 776 1741 leges
790 1667 821 1724 in
834 1668 917 1724 sartis
928 1670 1014 1727 testis

153 1768 307 1839 exigendis
320 1769 422 1822 tollere
433 1774 463 1822 et
477 1771 671 1823 commutare:
692 1782 729 1820 ne
743 1765 768 1820 is
776 1765 937 1831 redimeret,
947 1767 1016 1838 eujra

151 1881 198 1921 res
211 1869 305 1920 esset:
321 1882 357 1919 ue
372 1864 481 1935 pupillo
494 1868 600 1919 tutores
610 1861 815 1935 propinquique
823 1864 1015 1932 consulerent,

152 1978 210 2036 quo
233 1961 326 2018 minus
350 1960 471 2018 fortunis
496 1961 628 2018 omnibus
652 1965 850 2017 everteretur:
878 1959 1016 2034 exiguam

153 2059 232 2116 diem
253 2059 405 2132 praefinire
428 2057 517 2133 operi,
538 2075 595 2133 quo
613 2066 725 2116 eeteros
739 2060 776 2114 nb
790 2059 1014 2132 negotioexelu·

152 2159 244 2224 deres,
257 2156 347 2230 “ipse
369 2157 400 2215 io
426 2163 474 2214 tuo
492 2157 671 2230 redemptore
692 2158 801 2215 nullam
814 2162 922 2214 certam
936 2157 1016 2214 diem

150 2256 328 2312 observares.
369 2255 562 2325 Quamobrem
577 2271 683 2311 novam
695 2256 790 2327 legem
805 2261 833 2312 te
842 2255 872 2312 in
885 2254 1016 2313 decumis

152 2353 287 2410 statuisse
300 2370 358 2409 nou
373 2353 467 2420 miror,
483 2353 630 2410 hominem
644 2353 676 2410 in
693 2353 797 2410 edictis
811 2353 969 2426 praetoriis,
983 2353 1015 2411 in

150 2451 291 2507 censoriis
315 2449 425 2524 legibus
445 2451 505 2508 tam
528 2453 705 2525 prudentem,
726 2455 785 2507 tam
805 2451 1014 2509 exercitatum:

150 2564 221 2616 raon,
234 2549 360 2622 inquam,
374 2547 470 2615 miror,
484 2552 513 2605 te
527 2548 635 2622 aliquid
648 2547 846 2622 excogitasse:
865 2550 926 2616 sed,
939 2549 1016 2624 quod

150 2652 200 2704 tua
214 2655 326 2720 sponte,
347 2646 457 2718 injussa
481 2646 587 2718 populi,
599 2637 676 2702 'sirre
696 2651 812 2702 senatos
835 2647 1015 2717 auctoritate,

145 2744 220 2824 jure.
237 2743 417 2815 provinciae·
432 2743 553 2798 Siclliae
576 2743 704 2808 mutaris,
725 2741 755 2798 id
778 2743 964 2816 reprehendo,
982 2745 1014 2803 id

151 2855 270 2899 accuso.
309 2841 345 2897 L.
358 2839 485 2896 Ootavio
500 2844 530 2897 et
544 2838 579 2898 0.
595 2839 701 2897 Cottae
719 2839 882 2898 consulibus
896 2850 1012 2902 senatus

179 2994 202 3027 ¹⁴
212 3009 226 3039 o
235 2991 310 3040 lisois
316 2991 346 3039 od
355 2992 530 3098 alienonffld.
541 3008 574 3053 pr.
585 3009 629 3041 oon
639 2993 722 3041 habent
730 3011 745 3040 o
754 2995 836 3053 liberis,
843 2998 902 3102 qqod
911 2997 1012 3045 additum

149 3057 186 3100 est
195 3067 208 3098 e
218 3052 275 3098 Mes.
284 3051 414 3113 quibusdam
422 3067 437 3097 a
503 3052 524 3097 b.
536 3059 560 3098 et
568 3053 623 3100 aliis.
654 3054 701 3100 Ms.
712 3055 759 3100 Pal.
771 3064 846 3102 autem

151 3111 212 3163 Quia
228 3111 251 3158 irr
260 3125 327 3171 seqq,
336 3116 370 3156 eat
388 3111 415 3156 ob
431 3110 477 3157 der.
486 3111 567 3167 primu
576 3113 723 3168 adremaro,
732 3127 747 3156 o
756 3114 842 3170 legitate
849 3115 879 3159 od
887 3115 1012 3172 libidinem,

150 3183 205 3218 sane
214 3169 250 3216 hic
257 3170 325 3216 etiam
333 3169 400 3216 debet
408 3183 462 3226 esse,
471 3169 531 3216 uode
540 3171 690 3216 transferatur.
721 3171 765 3216 Sed
772 3186 786 3214 o
795 3172 842 3218 rrn'r
852 3173 919 3231 magis
929 3173 1010 3232 placet,

149 3229 204 3291 quia
213 3228 334 3275 ommatius
340 3229 457 3288 respondet
465 3229 556 3274 alienis:
572 3229 596 3274 id
605 3228 674 3273 etiam
682 3229 821 3294 praelerebat
829 3229 944 3277 Gruterus.

182 3309 202 3342 ¹⁵
216 3309 261 3366 ipae
268 3307 295 3354 in
304 3311 342 3352 tuo
350 3307 488 3367 redemtore]
514 3305 667 3353 Hotomannus
677 3307 730 3353 addi
738 3307 787 3353 vult
795 3322 846 3355 tum
853 3310 907 3366 ipre.
923 3310 1012 3359 beneio

150 3366 243 3425 vulgata
251 3366 373 3426 scripuras
392 3366 432 3412 sed
448 3365 466 3412 si
481 3379 508 3411 ex
523 3365 573 3411 edd.
589 3379 622 3425 pr.
639 3368 693 3410 aote
702 3365 814 3422 scribatur,
824 3381 865 3425 quo
874 3373 958 3426 ceteros,
969 3385 1013 3417 oon

151 3424 197 3471 erit
213 3440 275 3529 qiua
292 3430 359 3484 atque
376 3423 399 3470 id
416 3438 455 3470 nos
471 3423 538 3470 secuti
548 3438 626 3470 sumus.
643 3437 687 3470 uon
697 3424 813 3484 praeeedit
822 3440 868 3472 eam
877 3427 942 3478 diem.
953 3429 1012 3488 quod

145 3483 211 3544 sequi
234 3481 1004 3546 ebmetqsqsedeeigrwmdiaucrrjmmtiouemreddeoqdieitquo

188 3579 258 3622 vor..
278 3581 307 3621 v.
563 3565 582 3619 2

872 3057 924 3101 abet
933 3072 947 3102 a
957 3057 1010 3102 mair.

1205 3517 1215 3560 t
