2486 4212
244 329 305 390 ιω
576 315 769 370 mvmlllr

241 485 382 535 mmmm
394 465 596 529 eastiruoniam
610 465 736 524 virorum
748 481 785 524 an
798 464 949 524 mulierum
968 465 1050 537 fiant,
1063 487 1099 528 ea

241 570 310 628 dem
330 585 382 642 per
407 566 490 626 istius
516 571 657 639 simprum
683 581 719 621 ae
743 563 883 638 flagitium
903 581 967 621 esse
987 566 1107 626 violata.

188 663 230 722 46
244 667 320 740 Quid
335 662 425 742 ergul
443 665 501 724 boe
511 667 603 724 solum
615 663 764 720 auditione
776 665 915 735 expetere
922 664 1031 736 eoepit,
1041 683 1107 724 eum

242 763 275 824 id
295 764 359 838 ipse
379 780 439 822 nnn
460 757 603 820 vidisset?
622 761 711 818 immo
724 775 796 818 vero
808 759 867 816 ulia
880 762 1049 833 eomplura:
1070 781 1108 822 ex

247 861 352 938 quibus
383 861 490 936 eligam
512 859 715 933 spoliationem
735 857 909 915 nobilissimi
933 862 1018 933 atque
1040 861 1112 918 anti·

244 959 374 1035 quissimi
395 958 470 1018 lani:
491 959 529 1016 sle
542 974 599 1032 qua
612 955 706 1031 priore
721 955 837 1013 aetione
851 959 940 1013 testes
952 957 1051 1014 (liuere
1065 975 1113 1016 au·

244 1057 337 1116 distis.
358 1073 435 1114 nune
456 1057 560 1114 eadem
580 1055 641 1121 illa,
656 1070 772 1128 quaeso,
784 1053 893 1122 audite,
907 1058 937 1110 el
950 1054 1113 1128 diligenter,
1221 1041 1222 1044 ¹

244 1155 320 1212 sieut
340 1155 435 1214 atibus
448 1153 569 1220 lecistis,
583 1151 734 1212 attendite.
775 1151 873 1210 insula
887 1156 932 1210 est
946 1151 1060 1221 Melita,
1067 1154 1114 1226 ju-

244 1253 335 1321 diues,
361 1251 431 1310 satis
450 1254 511 1310 lato
532 1253 569 1310 ab
595 1250 699 1308 Sieilia
722 1249 794 1308 mari
817 1249 1033 1326 periculosoque
1057 1251 1113 1308 dis-

239 1351 363 1426 junala:
383 1350 416 1410 in
429 1367 486 1426 qua
504 1355 550 1408 est
568 1351 670 1419 eodem
690 1348 808 1406 nomine
828 1348 974 1422 oppidum,
987 1367 1045 1424 quo
1058 1348 1113 1408 iste

246 1466 402 1524 numquam
425 1448 567 1507 secessit:
599 1449 674 1522 quod
695 1452 792 1503 tamen
813 1445 862 1504 isti
886 1445 1045 1504 textrinum
1064 1465 1115 1521 per

247 1545 750 1606 trienniumadmuliebremveslem
761 1543 1044 1603 eonlieiendamluit.
1067 1547 1114 1603 Ab

246 1663 284 1702 eo
296 1644 403 1719 oppido
416 1662 475 1702 non
489 1646 585 1718 longe,
599 1643 631 1700 in
644 1641 954 1716 promuntorio,lanum
967 1648 1013 1700 est
1027 1644 1046 1700 J
1048 1661 1115 1701 uno·

246 1743 293 1804 nis
307 1743 470 1818 antiquum:
486 1744 562 1817 quod
575 1745 657 1800 tanta
669 1741 810 1816 religione
818 1758 931 1816 semper
943 1741 1007 1810 luit,
1017 1748 1052 1801 ut
1059 1759 1116 1800 nnn
1221 1791 1222 1830 ,

246 1843 336 1902 modo
349 1842 408 1902 illis
421 1840 542 1900 Punicis
556 1842 651 1908 bellis,
664 1839 782 1916 quaein
795 1840 841 1897 his
855 1840 916 1898 lere
929 1841 1003 1899 loeis
1016 1840 1116 1899 navali

248 1940 334 2014 eopia
347 1946 428 2016 gesta
438 1945 524 2015 atque
535 1944 650 1997 versata
662 1945 743 1997 sunt:
764 1939 815 1996 sed
828 1937 918 1998 etiarn
927 1939 959 1997 in
970 1941 1026 1997 lrae
1038 1957 1115 2013 prae·

247 2039 355 2097 donum
382 2037 567 2096 multitudine
590 2055 704 2110 semper
727 2036 901 2096 inviolatum
927 2042 1115 2113 sanctumque

245 2135 341 2196 luerit.
384 2134 465 2207 Quin
477 2134 566 2196 eliam
574 2135 630 2196 huc
640 2135 797 2198 memosiae
807 2135 950 2206 proditum
961 2142 1014 2203 est,
1023 2139 1117 2192 classe

248 2235 392 2313 quondam
413 2231 588 2291 Masinissae
608 2231 684 2305 regis
710 2231 748 2287 nd
775 2247 842 2288 eum
865 2233 961 2289 laeum
988 2235 1117 2306 appulsa,

248 2335 426 2412 praelectum
447 2331 558 2406 regium
580 2331 683 2388 dentes
697 2331 847 2397 eburneos,
861 2329 1028 2390 incredibili
1042 2349 1119 2405 mag·

128 2448 132 2458 ·
249 2433 393 2499 nitudine‚
403 2451 420 2488 e
430 2431 498 2489 lano
511 2428 669 2497 sustulisse,
681 2432 712 2486 et
724 2445 775 2485 eos
788 2427 820 2485 iu
835 2427 965 2487 Africam
980 2435 1118 2503 portasse,

184 2551 187 2557 ·
251 2530 482 2602 Masinissaeque
495 2529 627 2584 donasse.
668 2528 780 2601 Regem
793 2524 909 2601 quidem
919 2527 1012 2601 primo
1025 2529 1121 2584 deleu-

251 2633 343 2688 talum
364 2645 428 2684 esse
452 2643 586 2684 munere:
607 2629 681 2698 post,
694 2625 743 2682 ubi
766 2624 903 2694 audisset,
915 2627 993 2684 unrle
1013 2629 1121 2692 essent,
1220 2663 1221 2668 κ

250 2727 350 2786 statim
361 2731 455 2784 certos
470 2724 601 2782 homiues
616 2723 647 2779 in
661 2721 859 2798 quinqueremi
873 2724 996 2791 misisse,
1006 2723 1056 2797 qui
1071 2739 1121 2780 eos

251 2827 354 2884 (lentes
369 2827 557 2897 reportarent.
572 2823 669 2895 itaque
696 2821 728 2879 in
754 2821 800 2879 bis
825 2821 995 2895 inscriptum
1016 2820 1122 2878 litteris

252 2921 371 2980 Punicis
379 2921 435 2978 luit
448 2940 455 2975 ε
470 2939 575 2978 ananus
590 2937 779 2978 unsrurssau
790 2937 1017 2980 ruaaunnuunns
1033 2938 1123 2978 sccu-

253 3035 358 3076 erssn:
383 3035 423 3075 nn
438 3035 584 3083 casurus,
598 3034 801 3076 aneoununos
815 3035 1124 3084 ansnrrununossue

254 3132 398 3174 cuasssn.
439 3113 510 3172 Erat
531 3117 681 3187 praeterea
701 3132 807 3190 magna
827 3117 874 3174 vis
901 3115 1004 3184 eburis,
1032 3119 1127 3174 multa

253 3217 432 3282 ornamenta,
460 3211 491 3270 in
521 3211 622 3288 quibus
644 3215 788 3272 eburneae
815 3214 977 3284 Victoriae,
1004 3217 1128 3289 antiquo

253 3331 341 3386 opere
362 3329 398 3371 au
419 3328 532 3370 summa
554 3315 616 3368 arte
635 3311 790 3386 perlectae.
842 3311 926 3369 Haec
945 3312 1002 3370 iste
1015 3312 1128 3380 omnia,
1219 3299 1220 3308 ¹

254 3427 292 3468 ne
306 3409 404 3468 multis
418 3427 521 3479 morer,
545 3427 603 3466 uno
622 3407 740 3483 impetu,
754 3416 839 3482 atque
859 3425 918 3466 uno
942 3409 1055 3475 nuntio,
1076 3427 1129 3481 per
1219 3395 1220 3400 ¹

256 3523 357 3564 servos
367 3507 523 3574 Venerios,
541 3524 611 3582 quos
625 3508 685 3582 ejus
699 3506 741 3566 rei
755 3522 843 3564 causa
856 3506 984 3572 miserat,
997 3507 1134 3590 tollqnda

202 3607 243 3671 47
256 3605 528 3702 atqueasportanda
541 3605 663 3664 euravil.
686 3601 744 3664 uro
766 3602 809 3663 dii
825 3603 1020 3666 immortales!
1042 3619 1136 3679 quen
