2438 4206
378 341 450 393 ΔΜ.
466 341 496 392 11.
513 341 611 392 tisun
624 340 771 394 munitus.
945 353 1006 414 108

136 491 192 556 ret,
206 488 352 546 solveretr
372 492 424 548 sed
443 496 474 549 ut
487 484 538 550 itte
553 492 642 550 etiam
655 497 765 552 seelera
781 493 842 568 ejus
855 491 887 554 in
901 493 1009 554 Gerbo·

142 603 213 645 nem
235 591 265 644 et
286 587 317 645 in
332 589 515 647 notebettam
530 591 756 650 vindicarentur.
798 592 915 654 Etenim
930 609 1009 650 nove
1019 587 1062 652 Π

141 701 253 759 quoque
267 686 324 744 eliu
338 705 383 744 res
397 688 520 757 exstitit,
533 689 660 762 judiees,
670 692 701 749 in
715 693 771 748 hoe
785 692 915 760 erimine,
934 709 1009 768 ques

136 784 222 840 tollat
234 801 349 844 emnem
361 787 574 847 dubitationem
593 790 747 862 superioris
761 790 840 848 iilius
852 789 1007 848 decumani

137 882 276 940 cuminis.
318 885 406 953 Num,
429 891 463 944 ut
485 887 558 944 iliud
579 889 696 946 missum
718 889 833 955 iueinm,
851 890 1006 961 permultos

135 986 261 1038 errores
284 982 317 1038 in
340 986 445 1040 nitores
459 985 648 1053 desumus,et
668 987 699 1044 in
722 988 796 1044 haee
816 1002 901 1044 mene
914 985 1007 1044 mitiis

134 1074 366 1150 etenimquod
386 1085 514 1152 emptum
538 1085 643 1156 populo
658 1084 791 1140 Romano
814 1085 925 1152 dorent,
946 1099 1006 1142 nou

138 1172 291 1230 habuisse:
312 1175 364 1230 sed
377 1191 395 1230 e
407 1180 458 1231 tuo
471 1183 661 1248 procuratore,
674 1181 729 1236 hoe
746 1186 800 1247 est,
812 1183 849 1238 nb
862 1179 1005 1254 Apronio.

144 1269 249 1327 emisse
262 1291 270 1326 ι
294 1288 331 1328 ex
341 1289 398 1346 quo
410 1273 537 1346 intelligi
550 1279 654 1344 potest,
664 1276 737 1332 nihil
751 1282 780 1332 te
794 1278 950 1336 oratoribus
963 1297 1006 1336 re·

136 1367 210 1441 liqui
230 1369 351 1426 ieeisse:
370 1375 403 1427 nt
422 1371 479 1426 hoe
498 1374 686 1442 praeteream,
699 1374 775 1444 quod
793 1373 825 1429 in
844 1376 941 1432 multis
960 1380 1006 1434 est

135 1466 312 1523 testimoniis
325 1467 507 1539 expositum:
528 1471 625 1540 potest
638 1467 691 1524 iiio
703 1468 857 1542 quidquem
870 1487 933 1528 esse
945 1487 1007 1528 eer-
1053 1489 1057 1496 ⁴

138 1562 206 1626 tius,
218 1564 250 1622 in
265 1568 314 1621 tue
327 1569 480 1638 potestate,
494 1568 579 1640 etque
594 1565 624 1622 in
640 1564 696 1624 tuis
716 1567 825 1624 horreis
844 1585 931 1625 omne
950 1569 1006 1628 iru-

131 1668 263 1720 meutum
279 1663 410 1730 Sieiiise,
423 1681 476 1736 per
488 1662 656 1731 triennium,
670 1669 756 1738 atque
775 1681 875 1722 omnes
896 1666 1005 1725 fruetus

134 1761 199 1833 egri
211 1762 375 1828 deeumoni,
389 1759 497 1819 tuisse?
528 1763 604 1820 (ium
627 1764 708 1820 eninr
727 1781 743 1818 e
767 1764 937 1822 civitatibus
949 1783 1005 1839 pro

133 1857 282 1916 frumento
304 1858 458 1930 peeuniem
482 1859 632 1932 exigebus,
645 1861 722 1916 unde
743 1866 806 1916 eret
823 1861 1005 1934 trumentum,

134 1958 212 2032 quod
227 1956 350 2015 Romam
363 1957 502 2024 mitteres,
515 1958 541 2014 si
561 1963 591 2014 tu
612 1957 642 2014 id
658 1973 718 2014 non
732 1974 819 2014 omne
831 1961 960 2020 eteorum
974 1965 1006 2020 et

134 2069 331 2128 compressum
341 2053 515 2128 posidebns?
544 2058 645 2129 ltaque
655 2055 687 2113 in
698 2073 734 2114 eo
742 2055 886 2115 frumento
895 2057 1003 2132 primus

131 2151 189 2210 tibi
201 2151 253 2212 itte
266 2158 401 2228 quaestus
418 2152 474 2211 tuit
489 2153 578 2227 ipsius
591 2153 735 2222 frumeuti,
748 2157 822 2230 quod
843 2162 905 2214 eret
922 2175 1003 2233 erep-

133 2254 198 2310 tum
211 2252 249 2307 eb
262 2253 438 2310 oratoribus:
458 2254 539 2321 alter,
553 2253 629 2326 quod
651 2251 683 2309 id
706 2252 878 2312 sarmentum
898 2255 1002 2329 impro-

132 2348 254 2409 bissime
279 2367 330 2422 per
348 2350 504 2408 triennium
525 2354 646 2422 portum,
669 2367 730 2408 non
750 2354 851 2420 semet,
871 2354 923 2409 sed
946 2355 1002 2423 bis,

132 2463 232 2520 neque
246 2463 312 2515 uno,
330 2449 382 2504 sed
405 2449 514 2505 duobus
536 2448 644 2520 pretiis,
658 2465 747 2508 unum
770 2454 802 2506 et
821 2449 900 2508 idem
917 2448 1002 2510 ⁸¹irn-

130 2550 267 2605 mentum
280 2545 456 2604 vendidisti:
477 2549 566 2603 semei
587 2546 766 2614 eivitatibus,
789 2548 852 2605 iii-S
870 2566 913 2607 xr
931 2547 953 2580 ⁰
967 2549 1001 2608 in

126 2644 328 2715 medimnum
348 2645 452 2702 iterum
466 2647 573 2717 popuio
584 2644 755 2712 Romnum
771 2662 829 2719 quo
842 2645 905 2702 H·S
919 2663 1001 2704 xvrrr

86 2759 95 2778 ·
125 2742 164 2802 in
185 2743 344 2809 medimna,
355 2759 407 2814 pro
420 2743 524 2799 eodem
537 2741 590 2799 iiio
604 2740 747 2798 frumento
760 2742 913 2798 obstulisti.
955 2745 1002 2802 At

127 2838 214 2898 enim
227 2839 400 2896 trumentum
415 2838 678 2911 Centuripinorum,
691 2844 720 2895 et
737 2837 1001 2912 Agrigentinorum,

125 2942 163 2996 et
176 2937 381 2994 uunnullorum
393 2935 512 2995 fortasse
525 2942 673 3010 praeterea
686 2936 866 3011 pronuntiet
887 2937 933 2996 his
951 2957 1000 3013 po-

124 3035 208 3114 pulis
221 3034 375 3108 pecuniam
388 3035 555 3094 dissolvisti.
598 3035 665 3094 Sint
678 3037 792 3111 eliquee
809 3035 946 3096 civitates
966 3037 1000 3098 iu

125 3153 168 3193 eo
192 3149 321 3200 numero,
343 3151 463 3208 quonum
482 3134 654 3192 trumentum
669 3129 838 3209 'improbare
861 3136 997 3194 nolueris.

124 3233 200 3311 quid
214 3229 353 3289 tandem!
373 3231 417 3290 iris
438 3231 606 3292 civitatibus
625 3234 758 3292 omnisne
778 3232 999 3306 peeu‚niu,quee

158 3385 182 3420 ⁸¹
188 3384 345 3445 moretum]
361 3383 449 3432 ridetur
459 3343 540 3431 melin
547 3383 680 3439 abtuurmm,
690 3386 810 3444 natumque
819 3382 921 3442 eglesie.

196 3463 367 3510 marm„
379 3488 390 3499 .
404 3489 413 3498 .
427 3463 454 3510 i„
466 3462 595 3523 modim]
611 3462 835 3523 Utrumqueletinum
844 3461 1002 3523 rsu'uusltem

125 3521 396 3588 Winteiligender
411 3520 762 3583 sedvixCieemitsverirrerit
