2460 4200
197 347 237 414 ις
536 341 728 392 ravennam

194 487 384 564 milltudpqne
409 487 575 564 conjunxit.
616 490 718 548 Verris
740 503 834 548 mores
855 489 1001 564 improbos
1014 493 1066 552 im·

194 605 335 663 purosque
349 587 449 646 nostis.
470 588 571 666 fingite
585 589 676 654 vobis,
686 590 711 646 si
722 591 853 663 potestis,
868 589 1002 665 aliquem,
1016 589 1067 666 qui

194 686 448 749 insanientium
462 688 546 744 rebus
570 689 670 760 parad
684 688 813 745 omniura
827 687 999 762 flagitiorum
1014 708 1064 748 ne·

193 785 280 844 sarias
294 785 429 843 libidines
443 802 507 842 esse
521 785 628 859 possit:
649 786 674 844 is
687 786 743 844 erit
756 786 902 860 Apronius
915 788 985 856 ille3
1005 788 1064 862 qui,

194 889 227 942 ut
240 884 302 957 ipse
316 901 376 942 non
388 887 480 942 solum
494 883 566 953 vita,
579 885 630 942 sed
654 885 743 942 etiam
767 902 886 958 corpore
908 891 993 959 atque
1013 904 1065 944 ore

194 982 357 1056 significat*
372 983 514 1040 immensa
536 983 632 1058 aliqua
643 977 671 1014 '⁸⁰
681 999 789 1058 vorago
799 989 842 1040 est
857 1001 892 1041 ac
906 1001 1008 1058 gurges
1022 984 1066 1040 vi·

193 1081 299 1141 tiorum
314 1081 577 1156 turpitudinumque
596 1083 735 1140 omnium.
777 1082 910 1140 Huncin
931 1083 1063 1140 omnibus

194 1181 309 1254 stupris,
323 1181 401 1238 buna
414 1182 445 1238 in
467 1181 597 1240 sanorum
615 1181 851 1254 expilationibus,
871 1183 949 1238 hunc
967 1181 997 1238 in
1012 1181 1065 1238 im·

194 1279 272 1353 puris
287 1279 438 1339 conviviis
461 1279 623 1353 principem
645 1280 814 1338 adhibebat:
836 1284 1002 1354 tantamque
1016 1279 1065 1336 ha-

194 1379 282 1436 bebat
295 1395 406 1437 morum
419 1379 577 1436 similitudo
590 1378 827 1451 conjunctionem
848 1383 933 1452 atque
946 1395 1066 1435 concor·

194 1475 282 1544 diam,
296 1481 329 1534 ut
343 1477 500 1548 Apronius,
514 1477 563 1550 qui
576 1477 642 1533 aliis
667 1476 839 1534 inhumanus
860 1493 895 1534 ac
920 1479 1065 1546 barbarus,

195 1573 246 1632 isti
268 1575 318 1632 uni
340 1575 508 1632 commodus
529 1589 566 1632 ac
589 1574 712 1632 disertus
731 1575 894 1632 videretur:
916 1580 956 1643 ut,
978 1592 1065 1650 quem

195 1689 296 1732 ornnes
318 1674 457 1738 odissent,
482 1689 575 1748 neque
598 1673 698 1732 videre
724 1675 844 1742 vellent,
864 1674 927 1731 sine
949 1691 986 1733 eo
1009 1674 1065 1731 iste

168 1835 170 1844 ,
195 1788 260 1830 esse
283 1788 342 1830 non
366 1761 483 1846 posset:
504 1779 545 1840 ut,
559 1791 626 1832 cum
649 1773 710 1841 alii,
724 1792 761 1830 ne
780 1773 927 1830 conviviis
948 1773 1067 1847 quidem

194 1870 309 1938 iisdem,
334 1871 433 1946 quibus
462 1871 619 1943 Apronius,
643 1872 692 1928 hic
716 1871 820 1929 iisdem
843 1871 931 1928 eliam
953 1869 1065 1944 poculis
1140 1878 1146 1882 '

196 1973 336 2026 uteretur:
357 1974 510 2040 postremo,
524 1973 556 2024 ut
575 1969 645 2024 odor
667 1968 791 2038 Apronii
815 1969 993 2024 taeterrimus
1006 1967 1065 2024 oris

196 2064 373 2138 etcorporis,
392 2081 476 2138 quem
490 2061 535 2140 (ut
548 2061 642 2140 ajunt)
663 2081 700 2120 ne
720 2065 831 2121 bestiae
854 2065 969 2138 quidem
991 2066 1067 2121 terre

196 2167 324 2240 possent,
338 2162 398 2218 uni'
412 2162 461 2219 isti
484 2161 581 2218 suavia
603 2167 634 2220 et
651 2162 796 2234 jucundus
811 2163 966 2220 videretur.
1009 2164 1065 2219 llle

198 2266 260 2320 erat
279 2261 313 2318 in
336 2243 472 2318 tribunali
490 2261 656 2333 proximus:
676 2259 696 2292 ²¹
707 2262 738 2318 in
752 2261 887 2318 cubiculo
899 2261 1011 2320 socius:
1032 2261 1065 2317 in

198 2357 502 2418 conviviodonrinus:
524 2375 559 2415 ac
580 2364 641 2416 turn
664 2360 801 2426 maxime,
815 2375 883 2416 oum
903 2361 1064 2416 accubante
1108 2335 1112 2350 ¹

199 2462 382 2532 praetextato
403 2457 542 2530 praetoris
564 2457 633 2524 filio,
647 2456 679 2514 in
700 2456 840 2514 convivio
853 2459 959 2513 saltare
974 2457 1067 2512 nudus

83 2567 96 2589 ·
151 2554 345 2630 ibcueperat.
387 2557 485 2624 Hunc,
498 2555 541 2612 uti
562 2555 661 2612 dicere
684 2554 807 2620 institui,
820 2553 980 2626 prinoipem
994 2555 1069 2610 Ver·

199 2673 245 2716 res
271 2658 308 2714 ad
335 2656 468 2714 fortunas
489 2659 633 2712 aratorum
655 2653 805 2710 vexandas
832 2650 1067 2726 diripiendasque

199 2773 262 2814 esse
287 2755 514 2828 uoluitnbujus
534 2752 683 2820 audaciae,
709 2749 866 2826 nequitiae,
892 2750 1067 2818 crudelitati.

198 2852 379 2912 fidelissimos
413 2854 517 2918 socios,
542 2852 722 2924 optimosque
749 2851 841 2916 cives,
869 2848 982 2916 scitote,
1009 2850 1067 2909 hoc

199 2955 330 3024 praetore
351 2947 480 3015 traditos,
488 2947 612 3019 judices,
627 2953 711 3019 atque
725 2947 855 3004 addictas
868 2946 966 3014 luisse,
980 2947 1065 3005 novis

198 3047 340 3119 institutis
362 3051 392 3102 et
405 3045 520 3112 edictis,
539 3049 600 3102 lota
615 3043 774 3102 Hieronica
792 3047 857 3120 lege
870 3041 1066 3124 (quemadmo-

199 3149 268 3208 dum
282 3152 369 3204 antea
381 3141 458 3224 dixi)
472 3144 580 3218 rejecta
594 3149 624 3200 et
638 3142 795 3216 repudiata.

234 3301 257 3336 ⁹⁰
360 3306 534 3360 nlanlgurges.
575 3296 1068 3358 Cumhaeesintsynonyrna,curinterponi-

203 3363 304 3468 {adami
337 3375 381 3408 orr.
399 3375 430 3417 ne,
441 3359 501 3422 quod
541 3357 609 3406 rs'nrus
626 3355 649 3404 in
666 3355 725 3404 libro
739 3360 817 3404 vetere
835 3356 952 3418 reperitet
964 3356 1069 3418 placebat

236 3437 249 3468 u
301 3454 306 3467 .

234 3498 255 3532 ²¹
269 3498 296 3544 in
305 3496 478 3544 mbiuabsulm.
518 3495 566 3544 Ma.
578 3499 641 3542 vebia
650 3494 727 3550 meins,
737 3494 795 3556 quud
803 3493 881 3541 lamb.
889 3493 973 3555 aliique
982 3507 1073 3554 recepe·

206 3559 268 3602 runt:
285 3554 351 3616 idque
361 3555 401 3602 eti
417 3570 440 3602 se
449 3569 526 3602 venans
535 3560 597 3616 puto.
613 3555 701 3611 elegans
717 3552 822 3622 gradatio
835 3557 876 3621 est,
884 3553 1007 3622 prosim
1017 3553 1072 3621 quoi-

205 3614 371 3722 settaaqigsla'dniqlft.
432 3619 493 3664 ertur
503 3619 578 3664 auteur
586 3613 616 3662 ad
623 3626 658 3661 res
668 3625 780 3672 venmms,
788 3625 811 3660 nr
820 3610 898 3674 quibus
908 3625 990 3664 rourum
996 3611 1071 3672 tuum,
