<?xml version="1.0" encoding="UTF-8"?>
<!DOCTYPE html PUBLIC "-//W3C//DTD XHTML 1.0 Transitional//EN"
    "http://www.w3.org/TR/xhtml1/DTD/xhtml1-transitional.dtd">
<html xmlns="http://www.w3.org/1999/xhtml" xml:lang="en" lang="en">
 <head>
  <title>
</title>
<meta http-equiv="Content-Type" content="text/html;charset=utf-8" />
  <meta name='ocr-system' content='tesseract 3.04.00' />
  <meta name='ocr-capabilities' content='ocr_page ocr_carea ocr_par ocr_line ocrx_word'/>
</head>
<body>
  <div class='ocr_page' id='page_1' title='image "./mtvlliiciceroni10cicegoog/mtvlliiciceroni10cicegoog_0281.png"; bbox 0 0 2428 4212; ppageno 0'>
   <div class='ocr_carea' id='block_1_1' title="bbox 218 297 747 368">
    <p class='ocr_par' dir='ltr' id='par_1_1' title="bbox 218 297 747 368">
     <span class='ocr_line' id='line_1_1' title="bbox 218 297 747 368; baseline 0.002 -21"><span class='ocrx_word' id='word_1_1' title='bbox 218 306 282 368; x_wconf 71' lang='lat'>252</span> <span class='ocrx_word' id='word_1_2' title='bbox 556 297 747 348; x_wconf 83' lang='lat' dir='ltr'>ruvaannu</span> 
     </span>
    </p>
   </div>
   <div class='ocr_carea' id='block_1_2' title="bbox 161 442 1088 3170">
    <p class='ocr_par' dir='ltr' id='par_1_2' title="bbox 161 442 1088 3170">
     <span class='ocr_line' id='line_1_2' title="bbox 216 442 1088 522; baseline 0.002 -16"><span class='ocrx_word' id='word_1_3' title='bbox 216 445 309 522; x_wconf 88' lang='lat' dir='ltr'>pretio</span> <span class='ocrx_word' id='word_1_4' title='bbox 330 449 411 506; x_wconf 85' lang='lat' dir='ltr'>certo</span> <span class='ocrx_word' id='word_1_5' title='bbox 430 445 531 512; x_wconf 85' lang='lat' dir='ltr'>missos</span> <span class='ocrx_word' id='word_1_6' title='bbox 554 446 649 504; x_wconf 83' lang='lat' dir='ltr'>lacere</span> <span class='ocrx_word' id='word_1_7' title='bbox 673 449 796 504; x_wconf 73' lang='lat' dir='ltr'>neumae</span> <span class='ocrx_word' id='word_1_8' title='bbox 826 442 977 504; x_wconf 85' lang='lat' dir='ltr'>missorum</span> <span class='ocrx_word' id='word_1_9' title='bbox 997 463 1088 508; x_wconf 83' lang='lat' dir='ltr'>omne</span> 
     </span>
     <span class='ocr_line' id='line_1_3' title="bbox 216 543 1087 619; baseline 0.002 -16"><span class='ocrx_word' id='word_1_10' title='bbox 216 545 392 619; x_wconf 72' lang='lat' dir='ltr'><strong>stipendium</strong></span> <span class='ocrx_word' id='word_1_11' title='bbox 426 544 550 602; x_wconf 89' lang='lat' dir='ltr'>lucrari:</span> <span class='ocrx_word' id='word_1_12' title='bbox 584 543 710 618; x_wconf 90' lang='lat' dir='ltr'>reliquis,</span> <span class='ocrx_word' id='word_1_13' title='bbox 744 543 820 618; x_wconf 93' lang='lat' dir='ltr'>quod</span> <span class='ocrx_word' id='word_1_14' title='bbox 856 544 984 611; x_wconf 81' lang='lat' dir='ltr'>deberet,</span> <span class='ocrx_word' id='word_1_15' title='bbox 1024 565 1087 606; x_wconf 92' lang='lat' dir='ltr'>non</span> 
     </span>
     <span class='ocr_line' id='line_1_4' title="bbox 215 641 1088 718; baseline 0.002 -18"><span class='ocrx_word' id='word_1_16' title='bbox 215 645 293 701; x_wconf 88' lang='lat' dir='ltr'>dare.</span> <span class='ocrx_word' id='word_1_17' title='bbox 336 645 420 701; x_wconf 89' lang='lat' dir='ltr'>llaec</span> <span class='ocrx_word' id='word_1_18' title='bbox 441 641 539 701; x_wconf 90' lang='lat' dir='ltr'>omnia</span> <span class='ocrx_word' id='word_1_19' title='bbox 563 661 600 700; x_wconf 86' lang='lat' dir='ltr'>ex</span> <span class='ocrx_word' id='word_1_20' title='bbox 625 641 777 700; x_wconf 89' lang='lat' dir='ltr'>civitatum</span> <span class='ocrx_word' id='word_1_21' title='bbox 792 641 964 698; x_wconf 77' lang='lat' dir='ltr'>testimoniis</span> <span class='ocrx_word' id='word_1_22' title='bbox 978 661 1088 718; x_wconf 81' lang='lat' dir='ltr'>cogno-</span> 
     </span>
     <span class='ocr_line' id='line_1_5' title="bbox 215 738 1086 800; baseline 0.001 -2"><span class='ocrx_word' id='word_1_23' title='bbox 215 741 298 798; x_wconf 89' lang='lat' dir='ltr'>scite.</span> <span class='ocrx_word' id='word_1_24' title='bbox 353 741 459 799; x_wconf 85' lang='lat' dir='ltr'>Recita</span> <span class='ocrx_word' id='word_1_25' title='bbox 486 739 651 798; x_wconf 88' lang='lat' dir='ltr'>testimonia</span> <span class='ocrx_word' id='word_1_26' title='bbox 676 738 840 796; x_wconf 89' lang='lat' dir='ltr'>civitatum.</span> <span class='ocrx_word' id='word_1_27' title='bbox 889 757 1086 800; x_wconf 76' lang='lat' dir='ltr'>unsrruours</span> 
     </span>
     <span class='ocr_line' id='line_1_6' title="bbox 161 835 1088 915; baseline 0.002 -19"><span class='ocrx_word' id='word_1_28' title='bbox 161 857 395 915; x_wconf 76' lang='lat' dir='ltr'>25c1vrrusuu.</span> <span class='ocrx_word' id='word_1_29' title='bbox 417 839 571 898; x_wconf 83' lang='lat' dir='ltr'>Hunccine</span> <span class='ocrx_word' id='word_1_30' title='bbox 585 835 755 894; x_wconf 82' lang='lat' dir='ltr'>bominem?</span> <span class='ocrx_word' id='word_1_31' title='bbox 775 837 920 894; x_wconf 80' lang='lat' dir='ltr'>hanccine</span> <span class='ocrx_word' id='word_1_32' title='bbox 933 837 1088 911; x_wconf 88' lang='lat' dir='ltr'>impuden-</span> 
     </span>
     <span class='ocr_line' id='line_1_7' title="bbox 215 920 1084 1010; baseline 0 -14"><span class='ocrx_word' id='word_1_33' title='bbox 215 939 295 1006; x_wconf 84' lang='lat' dir='ltr'>tiam,</span> <span class='ocrx_word' id='word_1_34' title='bbox 313 935 453 1010; x_wconf 79' lang='lat' dir='ltr'>judices?</span> <span class='ocrx_word' id='word_1_35' title='bbox 472 920 616 993; x_wconf 81' lang='lat' dir='ltr'>hanccine</span> <span class='ocrx_word' id='word_1_36' title='bbox 641 931 819 992; x_wconf 81' lang='lat' dir='ltr'>audaciam?</span> <span class='ocrx_word' id='word_1_37' title='bbox 839 935 1003 994; x_wconf 89' lang='lat' dir='ltr'>civitatibus</span> <span class='ocrx_word' id='word_1_38' title='bbox 1024 956 1084 1010; x_wconf 90' lang='lat' dir='ltr'>pro</span> 
     </span>
     <span class='ocr_line' id='line_1_8' title="bbox 213 1032 1082 1108; baseline -0.001 -14"><span class='ocrx_word' id='word_1_39' title='bbox 213 1054 333 1094; x_wconf 89' lang='lat' dir='ltr'>numero</span> <span class='ocrx_word' id='word_1_40' title='bbox 359 1036 481 1092; x_wconf 88' lang='lat' dir='ltr'>militurn</span> <span class='ocrx_word' id='word_1_41' title='bbox 516 1033 703 1108; x_wconf 78' lang='lat' dir='ltr'>pecuniarum</span> <span class='ocrx_word' id='word_1_42' title='bbox 729 1050 854 1090; x_wconf 89' lang='lat' dir='ltr'>summas</span> <span class='ocrx_word' id='word_1_43' title='bbox 888 1032 1082 1094; x_wconf 83' lang='lat' dir='ltr'>describere?</span> 
     </span>
     <span class='ocr_line' id='line_1_9' title="bbox 212 1131 1083 1206; baseline 0 -16"><span class='ocrx_word' id='word_1_44' title='bbox 212 1138 321 1190; x_wconf 89' lang='lat' dir='ltr'>certum</span> <span class='ocrx_word' id='word_1_45' title='bbox 336 1132 467 1206; x_wconf 88' lang='lat' dir='ltr'>pretium,</span> <span class='ocrx_word' id='word_1_46' title='bbox 479 1131 500 1164; x_wconf 76' lang='lat'>⁷⁹</span> <span class='ocrx_word' id='word_1_47' title='bbox 508 1149 651 1189; x_wconf 83' lang='lat' dir='ltr'>sexcenos</span> <span class='ocrx_word' id='word_1_48' title='bbox 665 1148 775 1199; x_wconf 88' lang='lat' dir='ltr'>numos,</span> <span class='ocrx_word' id='word_1_49' title='bbox 785 1135 935 1189; x_wconf 88' lang='lat' dir='ltr'>nautamm</span> <span class='ocrx_word' id='word_1_50' title='bbox 946 1132 1083 1192; x_wconf 83' lang='lat' dir='ltr'>missioni</span> 
     </span>
     <span class='ocr_line' id='line_1_10' title="bbox 211 1228 1080 1306; baseline 0.002 -18"><span class='ocrx_word' id='word_1_51' title='bbox 211 1228 412 1290; x_wconf 81' lang='lat' dir='ltr'>constituere?</span> <span class='ocrx_word' id='word_1_52' title='bbox 451 1247 521 1304; x_wconf 88' lang='lat' dir='ltr'>quos</span> <span class='ocrx_word' id='word_1_53' title='bbox 548 1229 596 1306; x_wconf 89' lang='lat' dir='ltr'>qui</span> <span class='ocrx_word' id='word_1_54' title='bbox 623 1231 750 1297; x_wconf 88' lang='lat' dir='ltr'>dederat,</span> <span class='ocrx_word' id='word_1_55' title='bbox 774 1236 967 1288; x_wconf 90' lang='lat' dir='ltr'>commeatum</span> <span class='ocrx_word' id='word_1_56' title='bbox 990 1232 1080 1290; x_wconf 86' lang='lat' dir='ltr'>totius</span> 
     </span>
     <span class='ocr_line' id='line_1_11' title="bbox 212 1325 1081 1404; baseline 0.002 -18"><span class='ocrx_word' id='word_1_57' title='bbox 212 1328 329 1387; x_wconf 85' lang='lat' dir='ltr'>aestatis</span> <span class='ocrx_word' id='word_1_58' title='bbox 343 1330 517 1386; x_wconf 79' lang='lat' dir='ltr'>abstulerat:</span> <span class='ocrx_word' id='word_1_59' title='bbox 537 1325 630 1396; x_wconf 66' lang='lat' dir='ltr'>”ista</span> <span class='ocrx_word' id='word_1_60' title='bbox 644 1329 719 1402; x_wconf 88' lang='lat' dir='ltr'>quod</span> <span class='ocrx_word' id='word_1_61' title='bbox 733 1332 763 1384; x_wconf 89' lang='lat' dir='ltr'>et</span> <span class='ocrx_word' id='word_1_62' title='bbox 775 1327 1013 1386; x_wconf 73' lang='lat' dir='ltr'>nautae&#39;nomine</span> <span class='ocrx_word' id='word_1_63' title='bbox 1028 1347 1081 1404; x_wconf 90' lang='lat' dir='ltr'>pro</span> 
     </span>
     <span class='ocr_line' id='line_1_12' title="bbox 211 1427 1083 1502; baseline 0 -17"><span class='ocrx_word' id='word_1_64' title='bbox 211 1427 358 1502; x_wconf 89' lang='lat' dir='ltr'>stipendio</span> <span class='ocrx_word' id='word_1_65' title='bbox 383 1427 581 1501; x_wconf 73' lang='lat' dir='ltr'>tormentoque</span> <span class='ocrx_word' id='word_1_66' title='bbox 608 1430 770 1499; x_wconf 88' lang='lat' dir='ltr'>acceperat,</span> <span class='ocrx_word' id='word_1_67' title='bbox 806 1427 978 1484; x_wconf 88' lang='lat' dir='ltr'>lucrabatur.</span> <span class='ocrx_word' id='word_1_68' title='bbox 1033 1429 1083 1485; x_wconf 87' lang='lat' dir='ltr'>lta</span> 
     </span>
     <span class='ocr_line' id='line_1_13' title="bbox 211 1523 1081 1600; baseline 0.001 -18"><span class='ocrx_word' id='word_1_69' title='bbox 211 1531 344 1600; x_wconf 85' lang='lat' dir='ltr'>quaestus</span> <span class='ocrx_word' id='word_1_70' title='bbox 359 1527 466 1596; x_wconf 84' lang='lat' dir='ltr'>duplex</span> <span class='ocrx_word' id='word_1_71' title='bbox 482 1523 565 1580; x_wconf 90' lang='lat' dir='ltr'>unius</span> <span class='ocrx_word' id='word_1_72' title='bbox 585 1523 722 1580; x_wconf 87' lang='lat' dir='ltr'>missione</span> <span class='ocrx_word' id='word_1_73' title='bbox 747 1524 843 1580; x_wconf 85' lang='lat' dir='ltr'>tiebat.</span> <span class='ocrx_word' id='word_1_74' title='bbox 885 1526 983 1598; x_wconf 83' lang='lat' dir='ltr'>Atque</span> <span class='ocrx_word' id='word_1_75' title='bbox 1004 1525 1081 1583; x_wconf 88' lang='lat' dir='ltr'>haec</span> 
     </span>
     <span class='ocr_line' id='line_1_14' title="bbox 211 1621 1080 1696; baseline 0.005 -18"><span class='ocrx_word' id='word_1_76' title='bbox 211 1623 299 1678; x_wconf 90' lang='lat' dir='ltr'>bomo</span> <span class='ocrx_word' id='word_1_77' title='bbox 313 1621 526 1678; x_wconf 87' lang='lat' dir='ltr'>amentissimus</span> <span class='ocrx_word' id='word_1_78' title='bbox 546 1621 578 1678; x_wconf 90' lang='lat' dir='ltr'>in</span> <span class='ocrx_word' id='word_1_79' title='bbox 591 1625 673 1678; x_wconf 87' lang='lat' dir='ltr'>tanto</span> <span class='ocrx_word' id='word_1_80' title='bbox 693 1623 869 1694; x_wconf 89' lang='lat' dir='ltr'>praedonum</span> <span class='ocrx_word' id='word_1_81' title='bbox 883 1623 1002 1696; x_wconf 90' lang='lat' dir='ltr'>impetu,</span> <span class='ocrx_word' id='word_1_82' title='bbox 1017 1629 1080 1682; x_wconf 89' lang='lat' dir='ltr'>tan·</span> 
     </span>
     <span class='ocr_line' id='line_1_15' title="bbox 209 1718 1079 1794; baseline 0.003 -17"><span class='ocrx_word' id='word_1_83' title='bbox 209 1724 295 1794; x_wconf 88' lang='lat' dir='ltr'>toque</span> <span class='ocrx_word' id='word_1_84' title='bbox 312 1720 439 1793; x_wconf 90' lang='lat' dir='ltr'>periculo</span> <span class='ocrx_word' id='word_1_85' title='bbox 453 1718 631 1792; x_wconf 88' lang='lat' dir='ltr'>provinciae,</span> <span class='ocrx_word' id='word_1_86' title='bbox 653 1719 695 1776; x_wconf 88' lang='lat' dir='ltr'>sic</span> <span class='ocrx_word' id='word_1_87' title='bbox 718 1721 813 1792; x_wconf 91' lang='lat' dir='ltr'>palam</span> <span class='ocrx_word' id='word_1_88' title='bbox 836 1720 970 1788; x_wconf 83' lang='lat' dir='ltr'>iaciebat,</span> <span class='ocrx_word' id='word_1_89' title='bbox 993 1727 1079 1780; x_wconf 89' lang='lat' dir='ltr'>utet</span> 
     </span>
     <span class='ocr_line' id='line_1_16' title="bbox 209 1817 1056 1893; baseline 0.005 -19"><span class='ocrx_word' id='word_1_90' title='bbox 209 1817 267 1893; x_wconf 90' lang='lat' dir='ltr'>ipsi</span> <span class='ocrx_word' id='word_1_91' title='bbox 279 1819 438 1892; x_wconf 84' lang='lat' dir='ltr'>praedones</span> <span class='ocrx_word' id='word_1_92' title='bbox 452 1817 569 1887; x_wconf 88' lang='lat' dir='ltr'>scirent,</span> <span class='ocrx_word' id='word_1_93' title='bbox 590 1821 621 1874; x_wconf 92' lang='lat' dir='ltr'>et</span> <span class='ocrx_word' id='word_1_94' title='bbox 634 1821 695 1874; x_wconf 86' lang='lat' dir='ltr'>tota</span> <span class='ocrx_word' id='word_1_95' title='bbox 707 1817 860 1891; x_wconf 90' lang='lat' dir='ltr'>provincia</span> <span class='ocrx_word' id='word_1_96' title='bbox 873 1818 956 1876; x_wconf 87' lang='lat' dir='ltr'>testis</span> <span class='ocrx_word' id='word_1_97' title='bbox 969 1826 1056 1879; x_wconf 84' lang='lat' dir='ltr'>esset.</span> 
     </span>
     <span class='ocr_line' id='line_1_17' title="bbox 248 1907 1076 1991; baseline 0.004 -17"><span class='ocrx_word' id='word_1_98' title='bbox 248 1917 324 1974; x_wconf 76' lang='lat' dir='ltr'>(ium</span> <span class='ocrx_word' id='word_1_99' title='bbox 337 1921 451 1991; x_wconf 87' lang='lat' dir='ltr'>propter</span> <span class='ocrx_word' id='word_1_100' title='bbox 463 1917 546 1974; x_wconf 88' lang='lat' dir='ltr'>istius</span> <span class='ocrx_word' id='word_1_101' title='bbox 560 1915 636 1973; x_wconf 89' lang='lat' dir='ltr'>hanc</span> <span class='ocrx_word' id='word_1_102' title='bbox 651 1919 760 1973; x_wconf 88' lang='lat' dir='ltr'>tantam</span> <span class='ocrx_word' id='word_1_103' title='bbox 774 1907 935 1984; x_wconf 86' lang='lat' dir='ltr'>avaritiam,</span> <span class='ocrx_word' id='word_1_104' title='bbox 957 1919 1076 1977; x_wconf 82' lang='lat' dir='ltr'>nominc</span> 
     </span>
     <span class='ocr_line' id='line_1_18' title="bbox 208 2013 1074 2088; baseline 0.002 -15"><span class='ocrx_word' id='word_1_105' title='bbox 208 2015 310 2073; x_wconf 87' lang='lat' dir='ltr'>classis</span> <span class='ocrx_word' id='word_1_106' title='bbox 324 2019 400 2070; x_wconf 86' lang='lat' dir='ltr'>esset</span> <span class='ocrx_word' id='word_1_107' title='bbox 413 2015 444 2070; x_wconf 94' lang='lat' dir='ltr'>in</span> <span class='ocrx_word' id='word_1_108' title='bbox 461 2013 616 2081; x_wconf 68' lang='lat' dir='ltr'>Siciliane</span> <span class='ocrx_word' id='word_1_109' title='bbox 631 2013 747 2088; x_wconf 91' lang='lat' dir='ltr'>quidem</span> <span class='ocrx_word' id='word_1_110' title='bbox 766 2032 837 2071; x_wconf 89' lang='lat' dir='ltr'>vera</span> <span class='ocrx_word' id='word_1_111' title='bbox 850 2032 941 2071; x_wconf 88' lang='lat' dir='ltr'>naves</span> <span class='ocrx_word' id='word_1_112' title='bbox 961 2015 1074 2086; x_wconf 91' lang='lat' dir='ltr'>inanes,</span> 
     </span>
     <span class='ocr_line' id='line_1_19' title="bbox 208 2109 1073 2187; baseline 0.008 -21"><span class='ocrx_word' id='word_1_113' title='bbox 208 2129 280 2187; x_wconf 89' lang='lat' dir='ltr'>quae</span> <span class='ocrx_word' id='word_1_114' title='bbox 294 2112 429 2183; x_wconf 86' lang='lat' dir='ltr'>praedam</span> <span class='ocrx_word' id='word_1_115' title='bbox 440 2109 572 2182; x_wconf 84' lang='lat' dir='ltr'>praetori,</span> <span class='ocrx_word' id='word_1_116' title='bbox 587 2128 645 2167; x_wconf 95' lang='lat' dir='ltr'>non</span> <span class='ocrx_word' id='word_1_117' title='bbox 660 2127 732 2185; x_wconf 91' lang='lat' dir='ltr'>quae</span> <span class='ocrx_word' id='word_1_118' title='bbox 753 2112 943 2186; x_wconf 89' lang='lat' dir='ltr'>praedonibus</span> <span class='ocrx_word' id='word_1_119' title='bbox 963 2120 1073 2174; x_wconf 91' lang='lat' dir='ltr'>metum</span> 
     </span>
     <span class='ocr_line' id='line_1_20' title="bbox 207 2208 1076 2275; baseline 0.006 -10"><span class='ocrx_word' id='word_1_120' title='bbox 207 2210 358 2266; x_wconf 82' lang='lat' dir='ltr'>afferrent:</span> <span class='ocrx_word' id='word_1_121' title='bbox 380 2212 488 2275; x_wconf 86' lang='lat' dir='ltr'>tamen,</span> <span class='ocrx_word' id='word_1_122' title='bbox 501 2223 569 2264; x_wconf 89' lang='lat' dir='ltr'>cam</span> <span class='ocrx_word' id='word_1_123' title='bbox 583 2208 616 2265; x_wconf 86' lang='lat' dir='ltr'>l‘.</span> <span class='ocrx_word' id='word_1_124' title='bbox 632 2208 783 2267; x_wconf 74' lang='lat' dir='ltr'>Caesetius</span> <span class='ocrx_word' id='word_1_125' title='bbox 795 2215 825 2267; x_wconf 95' lang='lat' dir='ltr'>et</span> <span class='ocrx_word' id='word_1_126' title='bbox 849 2211 882 2268; x_wconf 86' lang='lat' dir='ltr'>P.</span> <span class='ocrx_word' id='word_1_127' title='bbox 899 2211 1012 2270; x_wconf 79' lang='lat' dir='ltr'>Tadius</span> <span class='ocrx_word' id='word_1_128' title='bbox 1026 2215 1076 2270; x_wconf 90' lang='lat' dir='ltr'>de·</span> 
     </span>
     <span class='ocr_line' id='line_1_21' title="bbox 206 2305 1075 2387; baseline 0.005 -21"><span class='ocrx_word' id='word_1_129' title='bbox 206 2325 272 2366; x_wconf 92' lang='lat' dir='ltr'>cem</span> <span class='ocrx_word' id='word_1_130' title='bbox 287 2306 410 2364; x_wconf 86' lang='lat' dir='ltr'>navibus</span> <span class='ocrx_word' id='word_1_131' title='bbox 424 2306 469 2363; x_wconf 88' lang='lat' dir='ltr'>his</span> <span class='ocrx_word' id='word_1_132' title='bbox 484 2305 651 2381; x_wconf 84' lang='lat' dir='ltr'>semiplenis</span> <span class='ocrx_word' id='word_1_133' title='bbox 672 2308 854 2384; x_wconf 83' lang='lat' dir='ltr'>navigarent,</span> <span class='ocrx_word' id='word_1_134' title='bbox 867 2327 973 2369; x_wconf 86' lang='lat' dir='ltr'>navem</span> <span class='ocrx_word' id='word_1_135' title='bbox 987 2331 1075 2387; x_wconf 87' lang='lat' dir='ltr'>quan-</span> 
     </span>
     <span class='ocr_line' id='line_1_22' title="bbox 206 2405 1074 2483; baseline 0.002 -17"><span class='ocrx_word' id='word_1_136' title='bbox 206 2409 282 2476; x_wconf 91' lang='lat' dir='ltr'>dam,</span> <span class='ocrx_word' id='word_1_137' title='bbox 295 2405 451 2480; x_wconf 87' lang='lat' dir='ltr'>piratarum</span> <span class='ocrx_word' id='word_1_138' title='bbox 475 2405 580 2479; x_wconf 89' lang='lat' dir='ltr'>praeda</span> <span class='ocrx_word' id='word_1_139' title='bbox 604 2407 745 2475; x_wconf 82' lang='lat' dir='ltr'>refertam,</span> <span class='ocrx_word' id='word_1_140' title='bbox 769 2426 828 2466; x_wconf 93' lang='lat' dir='ltr'>non</span> <span class='ocrx_word' id='word_1_141' title='bbox 849 2414 998 2483; x_wconf 88' lang='lat' dir='ltr'>cepemnt,</span> <span class='ocrx_word' id='word_1_142' title='bbox 1022 2413 1074 2469; x_wconf 89' lang='lat' dir='ltr'>sed</span> 
     </span>
     <span class='ocr_line' id='line_1_23' title="bbox 205 2507 1072 2583; baseline 0.005 -19"><span class='ocrx_word' id='word_1_143' title='bbox 205 2508 394 2572; x_wconf 85' lang='lat' dir='ltr'>abduxerunt,</span> <span class='ocrx_word' id='word_1_144' title='bbox 404 2522 492 2562; x_wconf 88' lang='lat' dir='ltr'>onere</span> <span class='ocrx_word' id='word_1_145' title='bbox 503 2523 555 2562; x_wconf 90' lang='lat' dir='ltr'>suo</span> <span class='ocrx_word' id='word_1_146' title='bbox 568 2507 654 2579; x_wconf 90' lang='lat' dir='ltr'>plane</span> <span class='ocrx_word' id='word_1_147' title='bbox 668 2511 782 2580; x_wconf 90' lang='lat' dir='ltr'>captam</span> <span class='ocrx_word' id='word_1_148' title='bbox 793 2513 879 2583; x_wconf 85' lang='lat' dir='ltr'>atque</span> <span class='ocrx_word' id='word_1_149' title='bbox 897 2511 1072 2582; x_wconf 87' lang='lat' dir='ltr'>depressam.</span> 
     </span>
     <span class='ocr_line' id='line_1_24' title="bbox 205 2601 1072 2682; baseline 0.003 -19"><span class='ocrx_word' id='word_1_150' title='bbox 205 2603 277 2663; x_wconf 88' lang='lat' dir='ltr'>Erat</span> <span class='ocrx_word' id='word_1_151' title='bbox 297 2621 333 2660; x_wconf 91' lang='lat' dir='ltr'>ea</span> <span class='ocrx_word' id='word_1_152' title='bbox 354 2601 439 2661; x_wconf 88' lang='lat' dir='ltr'>navis</span> <span class='ocrx_word' id='word_1_153' title='bbox 460 2605 547 2676; x_wconf 90' lang='lat' dir='ltr'>plena</span> <span class='ocrx_word' id='word_1_154' title='bbox 564 2604 727 2676; x_wconf 86' lang='lat' dir='ltr'>juventutis</span> <span class='ocrx_word' id='word_1_155' title='bbox 741 2605 971 2675; x_wconf 82' lang='lat' dir='ltr'>formosissimae,</span> <span class='ocrx_word' id='word_1_156' title='bbox 984 2611 1072 2682; x_wconf 88' lang='lat' dir='ltr'>plena</span> 
     </span>
     <span class='ocr_line' id='line_1_25' title="bbox 205 2699 1069 2783; baseline 0.005 -23"><span class='ocrx_word' id='word_1_157' title='bbox 205 2702 318 2779; x_wconf 83' lang='lat' dir='ltr'>argenti</span> <span class='ocrx_word' id='word_1_158' title='bbox 331 2699 410 2771; x_wconf 84' lang='lat' dir='ltr'>iacti,</span> <span class='ocrx_word' id='word_1_159' title='bbox 419 2706 503 2777; x_wconf 88' lang='lat' dir='ltr'>atque</span> <span class='ocrx_word' id='word_1_160' title='bbox 518 2701 633 2776; x_wconf 83' lang='lat' dir='ltr'>signati,</span> <span class='ocrx_word' id='word_1_161' title='bbox 647 2705 737 2762; x_wconf 88' lang='lat' dir='ltr'>multa</span> <span class='ocrx_word' id='word_1_162' title='bbox 756 2721 823 2762; x_wconf 91' lang='lat' dir='ltr'>cum</span> <span class='ocrx_word' id='word_1_163' title='bbox 836 2707 962 2783; x_wconf 86' lang='lat' dir='ltr'>stragula</span> <span class='ocrx_word' id='word_1_164' title='bbox 975 2712 1069 2764; x_wconf 88' lang='lat' dir='ltr'>veste.</span> 
     </span>
     <span class='ocr_line' id='line_1_26' title="bbox 205 2786 1068 2875; baseline 0.001 -15"><span class='ocrx_word' id='word_1_165' title='bbox 205 2803 288 2860; x_wconf 84' lang='lat' dir='ltr'>llaec</span> <span class='ocrx_word' id='word_1_166' title='bbox 302 2819 359 2860; x_wconf 90' lang='lat' dir='ltr'>una</span> <span class='ocrx_word' id='word_1_167' title='bbox 373 2801 458 2858; x_wconf 90' lang='lat' dir='ltr'>navis</span> <span class='ocrx_word' id='word_1_168' title='bbox 482 2819 500 2856; x_wconf 91' lang='lat' dir='ltr'>a</span> <span class='ocrx_word' id='word_1_169' title='bbox 519 2803 612 2856; x_wconf 88' lang='lat' dir='ltr'>classe</span> <span class='ocrx_word' id='word_1_170' title='bbox 628 2805 725 2858; x_wconf 87' lang='lat' dir='ltr'>nostra</span> <span class='ocrx_word' id='word_1_171' title='bbox 749 2818 808 2858; x_wconf 95' lang='lat' dir='ltr'>non</span> <span class='ocrx_word' id='word_1_172' title='bbox 832 2786 918 2875; x_wconf 82' lang='lat' dir='ltr'>capta</span> <span class='ocrx_word' id='word_1_173' title='bbox 939 2808 993 2872; x_wconf 86' lang='lat' dir='ltr'>est,</span> <span class='ocrx_word' id='word_1_174' title='bbox 1015 2805 1068 2861; x_wconf 91' lang='lat' dir='ltr'>sed</span> 
     </span>
     <span class='ocr_line' id='line_1_27' title="bbox 203 2897 1070 2976; baseline 0.003 -20"><span class='ocrx_word' id='word_1_175' title='bbox 203 2900 325 2957; x_wconf 83' lang='lat' dir='ltr'>inventa</span> <span class='ocrx_word' id='word_1_176' title='bbox 339 2900 376 2955; x_wconf 92' lang='lat' dir='ltr'>ad</span> <span class='ocrx_word' id='word_1_177' title='bbox 391 2897 589 2971; x_wconf 67' lang='lat' dir='ltr'>Megaridem</span> <span class='ocrx_word' id='word_1_178' title='bbox 604 2898 652 2971; x_wconf 90' lang='lat' dir='ltr'>qui</span> <span class='ocrx_word' id='word_1_179' title='bbox 665 2900 746 2955; x_wconf 88' lang='lat' dir='ltr'>locus</span> <span class='ocrx_word' id='word_1_180' title='bbox 759 2903 875 2956; x_wconf 89' lang='lat' dir='ltr'>estnon</span> <span class='ocrx_word' id='word_1_181' title='bbox 889 2902 975 2974; x_wconf 86' lang='lat' dir='ltr'>longe</span> <span class='ocrx_word' id='word_1_182' title='bbox 985 2919 1004 2958; x_wconf 90' lang='lat' dir='ltr'>a</span> <span class='ocrx_word' id='word_1_183' title='bbox 1014 2903 1070 2976; x_wconf 87' lang='lat' dir='ltr'>Sy-</span> 
     </span>
     <span class='ocr_line' id='line_1_28' title="bbox 201 3048 1071 3170; baseline 0.005 -16"><span class='ocrx_word' id='word_1_184' title='bbox 201 3048 1071 3170; x_wconf 50' lang='lat' dir='ltr'>plenitudidinem.dlattdttwtatltd</span> 
     </span>
    </p>
   </div>
   <div class='ocr_carea' id='block_1_3' title="bbox 202 3167 1069 3220">
    <p class='ocr_par' dir='ltr' id='par_1_3' title="bbox 202 3167 1069 3220">
     <span class='ocr_line' id='line_1_29' title="bbox 202 3167 1069 3220; baseline 0 -4"><span class='ocrx_word' id='word_1_185' title='bbox 202 3167 254 3216; x_wconf 86' lang='lat' dir='ltr'>dum</span> <span class='ocrx_word' id='word_1_186' title='bbox 264 3170 314 3212; x_wconf 84' lang='lat' dir='ltr'>erat</span> <span class='ocrx_word' id='word_1_187' title='bbox 323 3179 428 3220; x_wconf 74' lang='lat' dir='ltr'>remmom,</span> <span class='ocrx_word' id='word_1_188' title='bbox 438 3179 481 3211; x_wconf 89' lang='lat' dir='ltr'>non</span> <span class='ocrx_word' id='word_1_189' title='bbox 492 3170 639 3212; x_wconf 67' lang='lat' dir='ltr'>assumant.-</span> <span class='ocrx_word' id='word_1_190' title='bbox 654 3167 770 3214; x_wconf 86' lang='lat' dir='ltr'>eratenim</span> <span class='ocrx_word' id='word_1_191' title='bbox 777 3167 854 3214; x_wconf 81' lang='lat' dir='ltr'>vitium</span> <span class='ocrx_word' id='word_1_192' title='bbox 865 3169 895 3214; x_wconf 86' lang='lat' dir='ltr'>ab</span> <span class='ocrx_word' id='word_1_193' title='bbox 905 3169 993 3216; x_wconf 84' lang='lat' dir='ltr'>inscitia</span> <span class='ocrx_word' id='word_1_194' title='bbox 1002 3170 1069 3216; x_wconf 70' lang='lat' dir='ltr'>libna</span> 
     </span>
    </p>
   </div>
   <div class='ocr_carea' id='block_1_4' title="bbox 200 3223 1068 3342">
    <p class='ocr_par' dir='ltr' id='par_1_4' title="bbox 200 3223 1068 3342">
     <span class='ocr_line' id='line_1_30' title="bbox 201 3223 1068 3330; baseline -0.009 -59"><span class='ocrx_word' id='word_1_195' title='bbox 201 3225 283 3272; x_wconf 86' lang='lat' dir='ltr'>riorum</span> <span class='ocrx_word' id='word_1_196' title='bbox 293 3230 374 3295; x_wconf 79' lang='lat' dir='ltr'>ortum,</span> <span class='ocrx_word' id='word_1_197' title='bbox 386 3228 410 3270; x_wconf 91' lang='lat' dir='ltr'>ut</span> <span class='ocrx_word' id='word_1_198' title='bbox 419 3237 486 3330; x_wconf 54' lang='lat' dir='ltr'>satefie</span> <span class='ocrx_word' id='word_1_199' title='bbox 496 3223 557 3270; x_wconf 87' lang='lat' dir='ltr'>alibi.</span> <span class='ocrx_word' id='word_1_200' title='bbox 572 3238 594 3294; x_wconf 60' lang='lat' dir='ltr'>a.</span> <span class='ocrx_word' id='word_1_201' title='bbox 606 3224 720 3272; x_wconf 80' lang='lat' dir='ltr'>Dmkenb.</span> <span class='ocrx_word' id='word_1_202' title='bbox 731 3227 761 3272; x_wconf 86' lang='lat' dir='ltr'>ad</span> <span class='ocrx_word' id='word_1_203' title='bbox 770 3225 820 3274; x_wconf 64' lang='lat' dir='ltr'>lais.</span> <span class='ocrx_word' id='word_1_204' title='bbox 831 3226 905 3284; x_wconf 85' lang='lat' dir='ltr'>XLV,</span> <span class='ocrx_word' id='word_1_205' title='bbox 918 3231 952 3274; x_wconf 85' lang='lat'>16.</span> <span class='ocrx_word' id='word_1_206' title='bbox 981 3227 1068 3288; x_wconf 62' lang='lat' dir='ltr'>vulga.</span> 
     </span>
     <span class='ocr_line' id='line_1_31' title="bbox 200 3287 595 3342; baseline 0.003 -13"><span class='ocrx_word' id='word_1_207' title='bbox 200 3289 247 3330; x_wconf 89' lang='lat' dir='ltr'>turn</span> <span class='ocrx_word' id='word_1_208' title='bbox 256 3287 443 3342; x_wconf 80' lang='lat' dir='ltr'>esteconJcctura</span> <span class='ocrx_word' id='word_1_209' title='bbox 474 3287 595 3330; x_wconf 86' lang='lat' dir='ltr'>otamannr.</span> 
     </span>
    </p>
   </div>
   <div class='ocr_carea' id='block_1_5' title="bbox 197 3359 1067 3696">
    <p class='ocr_par' dir='ltr' id='par_1_5' title="bbox 197 3359 1067 3696">
     <span class='ocr_line' id='line_1_32' title="bbox 229 3359 1067 3423; baseline 0.004 -16"><span class='ocrx_word' id='word_1_210' title='bbox 229 3363 251 3392; x_wconf 81' lang='lat'>⁸⁰</span> <span class='ocrx_word' id='word_1_211' title='bbox 263 3362 310 3416; x_wconf 78' lang='lat' dir='ltr'>isle,</span> <span class='ocrx_word' id='word_1_212' title='bbox 319 3364 376 3420; x_wconf 75' lang='lat' dir='ltr'>prod</span> <span class='ocrx_word' id='word_1_213' title='bbox 389 3366 498 3410; x_wconf 66' lang='lat' dir='ltr'>donata</span> <span class='ocrx_word' id='word_1_214' title='bbox 506 3362 541 3421; x_wconf 76' lang='lat' dir='ltr'>aa]</span> <span class='ocrx_word' id='word_1_215' title='bbox 571 3360 665 3408; x_wconf 84' lang='lat' dir='ltr'>Malunt</span> <span class='ocrx_word' id='word_1_216' title='bbox 673 3359 716 3407; x_wconf 87' lang='lat' dir='ltr'>viri</span> <span class='ocrx_word' id='word_1_217' title='bbox 725 3359 784 3420; x_wconf 76' lang='lat' dir='ltr'>docti</span> <span class='ocrx_word' id='word_1_218' title='bbox 799 3375 813 3407; x_wconf 88' lang='lat' dir='ltr'>s</span> <span class='ocrx_word' id='word_1_219' title='bbox 829 3361 877 3409; x_wconf 82' lang='lat' dir='ltr'>Ma.</span> <span class='ocrx_word' id='word_1_220' title='bbox 888 3363 1067 3423; x_wconf 69' lang='lat' dir='ltr'>Memmiipuorl</span> 
     </span>
     <span class='ocr_line' id='line_1_33' title="bbox 200 3419 1064 3480; baseline 0.005 -16"><span class='ocrx_word' id='word_1_221' title='bbox 200 3419 278 3477; x_wconf 63' lang='lat' dir='ltr'>sinam</span> <span class='ocrx_word' id='word_1_222' title='bbox 289 3433 313 3464; x_wconf 85' lang='lat' dir='ltr'>n.</span> <span class='ocrx_word' id='word_1_223' title='bbox 324 3425 350 3463; x_wconf 91' lang='lat' dir='ltr'>ut</span> <span class='ocrx_word' id='word_1_224' title='bbox 359 3428 393 3466; x_wconf 82' lang='lat' dir='ltr'>est</span> <span class='ocrx_word' id='word_1_225' title='bbox 403 3425 426 3466; x_wconf 88' lang='lat' dir='ltr'>et</span> <span class='ocrx_word' id='word_1_226' title='bbox 441 3419 464 3466; x_wconf 89' lang='lat' dir='ltr'>in</span> <span class='ocrx_word' id='word_1_227' title='bbox 479 3421 523 3467; x_wconf 84' lang='lat' dir='ltr'>Gu.</span> <span class='ocrx_word' id='word_1_228' title='bbox 539 3420 605 3480; x_wconf 89' lang='lat' dir='ltr'>idque</span> <span class='ocrx_word' id='word_1_229' title='bbox 621 3419 705 3480; x_wconf 82' lang='lat' dir='ltr'>recepit</span> <span class='ocrx_word' id='word_1_230' title='bbox 721 3419 837 3466; x_wconf 75' lang='lat' dir='ltr'>Graevius.</span> <span class='ocrx_word' id='word_1_231' title='bbox 869 3421 915 3468; x_wconf 83' lang='lat' dir='ltr'>Sed</span> <span class='ocrx_word' id='word_1_232' title='bbox 928 3421 994 3480; x_wconf 74' lang='lat' dir='ltr'>friget</span> <span class='ocrx_word' id='word_1_233' title='bbox 1008 3423 1064 3480; x_wconf 71' lang='lat' dir='ltr'>ejus,</span> 
     </span>
     <span class='ocr_line' id='line_1_34' title="bbox 197 3475 1063 3543; baseline 0.005 -21"><span class='ocrx_word' id='word_1_234' title='bbox 197 3477 320 3543; x_wconf 81' lang='lat' dir='ltr'>meliusque</span> <span class='ocrx_word' id='word_1_235' title='bbox 329 3475 457 3538; x_wconf 84' lang='lat' dir='ltr'>simpliciter</span> <span class='ocrx_word' id='word_1_236' title='bbox 465 3479 523 3524; x_wconf 85' lang='lat' dir='ltr'>lorat</span> <span class='ocrx_word' id='word_1_237' title='bbox 530 3479 587 3537; x_wconf 71' lang='lat' dir='ltr'>prend</span> <span class='ocrx_word' id='word_1_238' title='bbox 595 3483 675 3524; x_wconf 73' lang='lat' dir='ltr'>nouus</span> <span class='ocrx_word' id='word_1_239' title='bbox 684 3493 707 3524; x_wconf 85' lang='lat' dir='ltr'>n.</span> <span class='ocrx_word' id='word_1_240' title='bbox 718 3477 783 3540; x_wconf 88' lang='lat' dir='ltr'>siqui</span> <span class='ocrx_word' id='word_1_241' title='bbox 800 3477 924 3526; x_wconf 87' lang='lat' dir='ltr'>missionem</span> <span class='ocrx_word' id='word_1_242' title='bbox 939 3485 1063 3540; x_wconf 78' lang='lat' dir='ltr'>acceperat.</span> 
     </span>
     <span class='ocr_line' id='line_1_35' title="bbox 199 3535 1065 3601; baseline 0.002 -19"><span class='ocrx_word' id='word_1_243' title='bbox 199 3535 275 3582; x_wconf 88' lang='lat' dir='ltr'>malim</span> <span class='ocrx_word' id='word_1_244' title='bbox 284 3535 324 3601; x_wconf 69' lang='lat' dir='ltr'>aste</span> <span class='ocrx_word' id='word_1_245' title='bbox 334 3537 361 3588; x_wconf 83' lang='lat' dir='ltr'>ct,</span> <span class='ocrx_word' id='word_1_246' title='bbox 370 3537 428 3594; x_wconf 75' lang='lat' dir='ltr'>qaod</span> <span class='ocrx_word' id='word_1_247' title='bbox 436 3549 460 3581; x_wconf 80' lang='lat' dir='ltr'>n.</span> <span class='ocrx_word' id='word_1_248' title='bbox 471 3550 495 3582; x_wconf 85' lang='lat' dir='ltr'>n.</span> <span class='ocrx_word' id='word_1_249' title='bbox 507 3551 584 3596; x_wconf 87' lang='lat' dir='ltr'>nempe</span> <span class='ocrx_word' id='word_1_250' title='bbox 595 3535 722 3582; x_wconf 84' lang='lat' dir='ltr'>lucrabatur</span> <span class='ocrx_word' id='word_1_251' title='bbox 760 3535 845 3584; x_wconf 85' lang='lat' dir='ltr'>cuniam</span> <span class='ocrx_word' id='word_1_252' title='bbox 854 3551 896 3598; x_wconf 86' lang='lat' dir='ltr'>pro</span> <span class='ocrx_word' id='word_1_253' title='bbox 915 3538 1022 3592; x_wconf 84' lang='lat' dir='ltr'>missione,</span> <span class='ocrx_word' id='word_1_254' title='bbox 1039 3543 1065 3584; x_wconf 85' lang='lat' dir='ltr'>et</span> 
     </span>
     <span class='ocr_line' id='line_1_36' title="bbox 197 3592 1060 3696; baseline 0.007 -60"><span class='ocrx_word' id='word_1_255' title='bbox 197 3592 426 3696; x_wconf 36' lang='lat' dir='ltr'>{vtmdrgtrndtr&#39;autaa</span> <span class='ocrx_word' id='word_1_256' title='bbox 452 3593 563 3642; x_wconf 81' lang='lat' dir='ltr'>Postcum</span> <span class='ocrx_word' id='word_1_257' title='bbox 573 3593 709 3641; x_wconf 80' lang='lat' dir='ltr'>Graevioito</span> <span class='ocrx_word' id='word_1_258' title='bbox 735 3593 771 3643; x_wconf 88' lang='lat' dir='ltr'>edi</span> <span class='ocrx_word' id='word_1_259' title='bbox 780 3595 990 3655; x_wconf 63' lang='lat' dir='ltr'>prompseris.</span> <span class='ocrx_word' id='word_1_260' title='bbox 1004 3597 1060 3654; x_wconf 68' lang='lat' dir='ltr'>Bet.</span> 
     </span>
    </p>
   </div>
   <div class='ocr_carea' id='block_1_6' title="bbox 0 0 1218 4212">
    <p class='ocr_par' dir='ltr' id='par_1_6' title="bbox 0 0 1218 4212">
     <span class='ocr_line' id='line_1_37' title="bbox 0 0 1218 4212; baseline 0 6"><span class='ocrx_word' id='word_1_261' title='bbox 0 0 1218 4212; x_wconf 95' lang='lat' dir='ltr'> </span> 
     </span>
    </p>
   </div>
  </div>
 </body>
</html>
