2486 4212
233 277 293 340 144
563 267 599 324 tu
613 271 758 326 vmdot
869 295 871 302 v

226 421 302 496 quod
312 420 344 478 in
358 417 442 478 vobis
455 417 519 489 tuit,
532 419 563 480 in
577 425 675 476 vestro
694 421 802 494 oppido
813 421 910 496 ,iacuit
922 423 953 480 et
970 431 1081 494 pereso

226 517 302 576 tevit
325 519 357 576 in
384 519 509 592 publico.
560 521 649 576 Nulla
673 519 729 576 hoc
753 519 861 577 civitae
883 534 1015 592 umquem
1030 515 1082 574 atie

227 616 381 674 commisit.
424 619 560 676 Amicum
574 616 652 674 euim
667 620 790 672 nostrum
804 615 834 668 in
842 615 989 684 judicium
1006 629 1084 672 voce·

227 713 288 770 bes.
330 715 389 782 Tu,
400 715 468 790 quid
484 733 539 789 ego
559 713 613 786 prix
623 712 693 770 atim
709 708 818 782 negotii
831 724 939 782 geram,
952 709 1085 784 iuterpre-

228 814 326 872 tabere
340 811 361 844 ²²
371 812 567 870 imminuendo
581 812 688 866 honore
702 802 871 866 senatorio?
890 805 1001 864 Verum
1016 809 1089 866 haec

228 914 288 968 turn
312 926 469 982 queremur,
491 907 516 962 si
538 906 605 981 quid
628 907 665 962 de
689 904 772 962 vobis
793 919 844 976 per
867 919 932 960 eum
956 904 1091 964 ordinem

227 1013 335 1080 agetur,
357 1006 404 1079 qui
426 1007 495 1062 ordo
517 1023 535 1060 a
556 1004 639 1061 vohis
660 1005 754 1060 adhuc
779 1001 847 1059 solie
861 1005 1019 1058 contemtus
1033 1005 1091 1058 est.

227 1103 263 1161 in
288 1101 385 1174 popuii
407 1102 533 1160 Romani
556 1102 672 1176 quidem
695 1103 892 1174 conspectum,
905 1115 961 1172 quo
974 1115 1023 1154 ore
1037 1115 1092 1168 vos

227 1198 431 1258 commisistis?
452 1218 508 1258 nec
523 1200 599 1272 prius
610 1199 691 1256 illam
701 1213 906 1270 crucem,quae
916 1195 1091 1254 etiamnunc

227 1299 303 1356 civis
325 1298 450 1356 Romani
474 1298 613 1372 sauguine
636 1298 784 1362 redundat,
810 1312 882 1370 quae
905 1295 964 1351 fixa
986 1299 1031 1352 est
1045 1295 1090 1354 ¹ad

227 1403 339 1472 portum
360 1400 514 1470 urbemque
530 1402 664 1462 vestram,
684 1392 849 1460 revellistis,
863 1409 956 1466 neque
976 1391 1008 1448 in
1028 1408 1089 1464 pro·

228 1495 347 1552 fundum
361 1493 517 1564 abjecistis,
536 1495 686 1565 locumque
702 1491 784 1549 illum
803 1507 921 1548 omnem
941 1489 1091 1562 expiastis,
1191 1523 1195 1532 ·

228 1608 314 1664 quam
325 1591 447 1648 Romam
462 1594 546 1664 etque
558 1590 589 1647 in
604 1591 888 1648 horumcouventum
896 1584 1035 1647 adiretis?
1055 1587 1091 1645 iu

229 1687 466 1748 Mamertinorum
478 1691 540 1744 soto
554 1687 699 1745 foederato
712 1692 797 1762 etque
811 1691 915 1760 pacato
925 1702 1090 1744 monumen·

230 1790 291 1844 tum
304 1786 387 1842 istius
398 1785 577 1844 crudelitatis
591 1785 778 1844 constitutum
788 1789 841 1842 est.
869 1785 1016 1842 Vestrane
1027 1786 1091 1842 urbs

231 1886 327 1942 electa
340 1889 393 1951 est,
407 1886 444 1941 ad
458 1901 542 1958 quem
556 1902 622 1942 cum
633 1884 746 1940 adirent
759 1902 797 1940 ex
816 1882 911 1950 Italis,
923 1899 1043 1940 crucem
1054 1882 1093 1939 ci·

230 1982 277 2039 vis
302 1981 427 2038 Romani
452 1981 538 2052 prius,
551 1998 636 2053 quam
655 1997 825 2054 quemquam
847 1981 972 2038 amicum
994 1979 1093 2054 populi

231 2077 356 2135 Romani
371 2075 524 2133 viderent?
543 2093 628 2150 quam
642 2094 695 2134 vos
718 2078 868 2151 Rhegium,
882 2095 1001 2151 quorum
1019 2079 1093 2136 civi·

229 2173 282 2230 tati
297 2171 444 2240 invidetis,
458 2173 529 2232 item
552 2174 655 2232 incolis
679 2175 793 2243 vestris,
806 2176 921 2233 civibus
942 2175 1093 2246 Romanis,

230 2273 382 2329 ostendere
405 2271 512 2340 soletis,
532 2291 588 2347 quo
607 2273 702 2330 minus
716 2273 772 2331 sibi
786 2279 929 2348 arrogent,
943 2274 1095 2350 minusque

231 2387 283 2429 vos
297 2369 548 2444 despicientem
563 2370 681 2429 videant
687 2370 737 2444 jus
750 2371 879 2430 civitatis
890 2372 942 2430 illo
949 2371 1094 2446 supplicio

179 2459 293 2526 i2esee
307 2471 471 2526 mactatum.
512 2469 705 2528 Verumheec
719 2471 822 2528 emisse
835 2475 865 2528 te
878 2470 961 2528 dicis.
991 2467 1094 2542 Quid?

228 2568 280 2626 illa
304 2565 434 2624 Attalica
450 2571 516 2636 *tote
540 2566 642 2625 Sicilie
665 2568 815 2639 nominate
833 2571 871 2626 ab
897 2570 1000 2627 eodem
1015 2570 1094 2643 Hejo

231 2667 455 2744 peripetasmate
468 2684 564 2726 emere
574 2667 679 2726 oblitus
697 2665 749 2726 es?
769 2667 870 2726 Licuit
882 2669 985 2726 eodem
998 2669 1096 2736 modo,

230 2771 263 2824 ut
275 2766 366 2839 signe.
408 2765 485 2840 Quid
508 2765 587 2824 euim
610 2771 706 2824 actum
732 2762 799 2824 est?
817 2764 898 2824 ”Au
922 2766 1027 2824 titteris
1043 2783 1092 2838 pe·

231 2860 372 2938 percisti?
392 2863 503 2920 Verum
527 2864 673 2921 hominem
698 2869 843 2922 amentem
862 2865 918 2922 hoc
932 2864 1019 2938 sugit:
1041 2863 1095 2922 mi·

230 2977 284 3016 nus
305 2962 414 3016 clarum
428 2959 542 3029 putavit
556 2959 624 3027 tore,
637 2963 713 3034 quod
724 2964 763 3020 dc
776 2963 907 3030 armario,
916 2981 1002 3038 quem
1017 2963 1097 3038 quod

230 3059 267 3116 de
277 3056 404 3114 sacrario
417 3062 493 3113 eseet
504 3058 639 3114 ablatum.
675 3060 717 3115 At
727 3063 868 3133 quomodo
881 3059 1021 3132 abstulit?
1034 3079 1097 3119 uon

230 3173 345 3232 possum
365 3155 462 3214 dicere
476 3153 597 3228 planius,
611 3173 695 3228 quem
714 3157 775 3231 ipse
790 3160 865 3234 apud
879 3177 931 3216 vos
944 3159 1021 3217 dixit
1036 3159 1098 3217 He·

260 3313 284 3344 ²²
292 3309 445 3358 imminuendo
456 3309 490 3369 ta}
522 3307 682 3366 Sicconjurrcte
692 3310 759 3367 edidi,
770 3314 795 3358 ut
811 3315 846 3358 est
861 3312 883 3358 in
899 3311 946 3360 Me.
958 3309 1101 3360 Guetsliis

229 3367 558 3486 ffirzdzmhrfflssvulgsti
567 3367 594 3414 ire
603 3368 658 3416 mire
668 3368 691 3416 h.
723 3369 783 3416 Bene
797 3369 867 3417 latine
879 3385 923 3418 non
932 3370 1015 3452 dicitur
1023 3371 1099 3416 inter·-

234 3485 416 3594 remidium
423 3483 544 3544 pepercisti]
560 3498 591 3534 sc.
601 3489 627 3534 ut
642 3500 687 3534 aon
701 3487 793 3536 referres
807 3487 831 3536 ie
844 3489 937 3538 tebulae
953 3489 981 3536 d.
997 3501 1048 3536 mes
1066 3499 1097 3532 e.-

262 3581 268 3592 .
303 3560 328 3591 lr
