2428 4212
376 319 447 368 ACT.
464 321 493 368 ll.
509 317 607 368 LlBER
621 318 770 372 <turbatis
939 324 1000 382 255

136 465 229 522 classe
243 467 341 541 populi
362 467 487 526 Romani
508 467 700 540 pulcherrima
714 465 828 535 amissa,
840 465 1003 541 provincia·

137 581 192 637 qua
218 567 352 635 lacerata,
375 568 531 641 triumphus
562 567 677 623 navalis
708 567 761 624 tibi
792 567 1002 624 decerneretur.

140 664 207 735 Age
230 681 321 736 porro,
335 665 471 724 custodiri
495 667 600 722 ducem
621 666 797 738 praedonum
818 682 896 722 novo
914 681 1004 730 more,
1014 675 1054 740 ῃ

139 778 223 834 quam
248 763 341 823 securi
362 766 441 822 feriri
462 765 592 822 omnium
613 767 749 838 exemplo
774 764 865 838 magis
886 762 1003 836 placuit.

139 859 221 930 Quae
234 868 300 920 sunt
314 863 387 920 istae
398 863 571 922 custodiae?
591 866 667 937 apud
680 881 750 938 quos
764 859 920 920 homines?
939 879 1005 936 qus·

135 961 320 1018 madmodum
334 967 378 1018 est
391 960 576 1018 asservatus?
595 961 795 1037 &Lautumias
808 961 1006 1033 Syracusanas

134 1073 238 1114 omnes
261 1059 398 1116 audistis:
429 1059 557 1133 plerique
580 1061 679 1118 nostis.
721 1062 800 1134 Opus
822 1063 867 1115 est
893 1059 1006 1132 ingens,

134 1156 331 1228 magnificum,
346 1175 444 1231 regum
459 1174 494 1214 ac
508 1163 703 1230 tyrannorum.
718 1164 809 1216 totum
824 1165 869 1216 est
882 1176 918 1214 es
934 1174 1006 1213 saxo

135 1253 170 1309 ir
184 1253 344 1312 mirandam
357 1255 541 1324 altitudinem
552 1256 697 1328 depresso,
707 1263 739 1312 et
747 1258 899 1313 multorom
912 1255 1007 1330 operis

135 1351 254 1424 penitus
268 1354 377 1410 exciso.
399 1353 472 1411 nihil
487 1361 547 1411 tarn
557 1357 687 1410 clausum
700 1355 737 1410 ad
749 1353 935 1426 esitus,nibil
949 1361 1009 1410 tam

135 1456 250 1524 septum
263 1452 398 1528 undique,
419 1453 493 1510 nibil
516 1459 576 1510 tam
600 1457 692 1510 tutum
715 1453 753 1509 ad
776 1452 931 1517 custodias,
953 1468 1009 1510 nec

134 1549 209 1618 lieri,
223 1568 277 1607 nec
287 1551 407 1625 cogitari
421 1555 525 1626 potest.
547 1553 583 1608 ln
598 1553 650 1608 has
666 1551 829 1617 lautumias,
843 1550 926 1624 siqui
941 1551 1009 1623 pub-

136 1647 197 1704 lice
208 1650 390 1706 custodiendi
398 1657 474 1718 sunt,
487 1651 576 1710 etiam
587 1670 625 1707 ex
638 1651 744 1707 ceteris
759 1651 872 1722 oppidis
888 1648 1009 1706 Siciliae

136 1745 245 1802 deduci
265 1746 450 1819 imperantur.
490 1749 536 1804 Eo
558 1750 634 1821 quod
653 1749 757 1804 multos
782 1747 914 1820 captivos
928 1747 1011 1803 cives

139 1844 290 1902 Romanos
314 1845 490 1918 conjecerat,
503 1850 533 1902 et
552 1847 628 1918 quod
649 1847 753 1902 eodem
775 1851 887 1901 ceteros
905 1845 1012 1918 piratas

139 1942 276 2000 contmdi
301 1942 473 2017 imperarat3
504 1943 662 2011 intellexit,
685 1943 711 2000 si
735 1945 813 2000 hunc
827 1942 1012 2000 subditicium

136 2041 343 2114 archipiratam
357 2040 388 2098 in
402 2043 525 2099 eandem
546 2041 706 2098 custodiam
719 2041 855 2110 dedisset,
870 2043 939 2110 lore,
948 2047 979 2100 ut
991 2060 1011 2098 a

133 2140 246 2208 multis,
259 2139 317 2198 illis
331 2140 363 2198 in
377 2140 532 2208 lautumiis,
544 2139 566 2172 ⁸⁷
577 2159 661 2197 verus
676 2140 727 2197 ille
741 2142 800 2197 dux
815 2147 1007 2215 quaereretur.

130 2241 238 2313 ltaque
259 2239 408 2296 bominem
430 2240 497 2294 hnic
522 2239 651 2311 optimae
674 2237 891 2313 tutissimaeque
915 2245 1008 2296 custo·

129 2338 203 2395 diae
218 2355 276 2392 non
298 2337 385 2392 audet
403 2335 593 2392 committere.
613 2336 738 2410 denique
760 2338 919 2410 Syracusas
935 2343 1009 2396 totas

133 2437 242 2494 timet:
264 2435 412 2491 Amandat
424 2435 580 2492 hominem.
602 2433 681 2510 quo?
695 2434 869 2508 Lilybaeum
880 2435 1007 2492 sortasse.

133 2534 255 2591 Video:
277 2539 373 2590 tamen
387 2533 519 2590 homines
534 2533 691 2591 maritimos
709 2551 769 2590 non
783 2535 870 2606 plane
884 2532 1009 2593 reformi-

130 2635 196 2692 dat.
239 2631 374 2699 Minime,
389 2632 515 2704 judices.
557 2633 731 2689 Panormnm
751 2628 865 2705 igitur?
889 2633 1008 2689 Audio:

131 2737 309 2807 quamquam
324 2730 485 2804 Syracusis,
499 2730 635 2803 quoniam
657 2731 687 2786 in
710 2731 894 2802 Syracusano
907 2736 1009 2803 captus

133 2835 211 2895 erat,
225 2828 361 2894 maxime,
375 2827 400 2884 si
423 2828 518 2884 minus
540 2829 682 2901 supplicio
704 2827 790 2896 allici,
814 2834 844 2885 at
871 2829 1009 2887 custodiri

131 2928 297 3004 oportebat.
330 2927 378 2982 Ne
396 2927 704 3006 Panormumquidem.
747 2925 1009 3004 Quidigitorlquo
1094 2937 1097 2943 ’

134 3023 272 3104 putatis?
292 3027 342 3084 Ad
357 3025 488 3083 homines
501 3044 520 3082 a
534 3025 688 3099 piratarum
702 3031 780 3085 metu
795 3033 825 3084 et
844 3027 1008 3101 suspicione

134 3126 349 3184 alienissimos:
370 3143 388 3182 a
409 3125 577 3200 navigando
601 3127 741 3201 rebusque
754 3126 905 3182 maritimis
919 3146 1009 3187 remo·

134 3225 274 3292 tissimos,
287 3227 325 3282 ad
339 3225 553 3298 Centuripinos,
574 3225 705 3280 homines
730 3223 856 3280 maxime
877 3225 1008 3284 mediter·

164 3377 189 3446 ⁰}
204 3375 335 3425 laumas
341 3377 429 3448 Syrna]
441 3379 469 3424 de
484 3377 519 3426 bis
528 3391 610 3437 operae
619 3376 715 3438 pretium
726 3375 755 3422 sit
773 3375 848 3433 legere
857 3377 941 3425 tradita
950 3379 1008 3430 Dor.

133 3435 204 3483 rilho
213 3450 235 3480 m
247 3435 331 3482 ltrnere
340 3438 415 3484 Sicula
423 3453 446 3499 p.
459 3441 506 3486 180.

165 3513 191 3546 ³⁷
205 3526 270 3559 cansa
277 3512 318 3559 illa
326 3515 532 3576 damqrmareretur]
548 3529 577 3561 ne
585 3513 680 3575 piratae,
691 3513 714 3561 in
726 3513 840 3562 lautumiis
849 3516 887 3576 qui
896 3523 976 3574 ssoent,
983 3523 1008 3566 et

127 3572 200 3622 illum
212 3571 369 3634 archipiratam
379 3579 473 3632 nossent,
485 3576 543 3620 hunc
552 3589 597 3620 non
611 3578 762 3633 agnoscerent,
772 3578 798 3620 et
805 3588 881 3623 remur
886 3576 1006 3637 archipira-

133 3637 186 3682 trm
196 3629 359 3689 desiderarem
374 3647 396 3677 v.
406 3632 471 3680 Clav.
483 3631 505 3679 in
514 3647 626 3693 marm.
