2486 4212
237 325 298 387 raa
572 317 770 372 mveaanu

232 465 454 542 lereiuolptuut,
462 471 495 526 ut
503 465 650 528 referrent.
673 466 832 537 latealtse
841 467 921 526 velle
930 465 1003 528 illuri
1014 469 1106 530 etiam
1226 487 1227 540 l

232 571 319 642 atque
332 566 421 624 stiam
431 567 614 628 considerare
625 587 634 624 ε
647 583 828 642 nequaquam
838 583 871 624 se
882 583 947 624 esse
958 568 1105 628 satiatum.
1226 555 1227 576 ¹

225 663 312 739 jubet
323 664 390 724 illos
403 665 563 734 discedere,
574 671 604 724 et
616 667 822 724 caudelabrum
835 665 1009 741 relinquere.
1051 669 1106 726 Sio
1226 743 1227 746 Ἴ

178 754 349 822 titillatum
362 764 465 822 inanes
478 765 516 822 ad
531 765 710 822 Antiochum
718 767 911 820 revertuntur.
933 764 1000 822 Rex
1010 765 1106 836 primo

231 860 307 936 nihil
320 867 457 930 metuere,
471 861 545 920 nihil
555 861 705 936 suspioari.
725 861 788 920 dies
802 877 885 932 unus,
895 848 975 929 aiter,
985 864 1106 935 plures:

230 976 291 1019 non
302 960 409 1018 reterri.
451 959 530 1018 Turn
542 960 633 1018 mittit
645 977 698 1018 rex
712 961 749 1017 ad
761 959 858 1028 istum,
877 959 904 1016 ai
923 955 979 1038 sihi
998 959 1105 1018 videa·

231 1061 285 1123 tur,
311 1061 343 1114 nt
365 1059 476 1116 mddat.
516 1059 607 1116 lubet
632 1057 689 1116 iate
711 1057 853 1131 posterius
874 1058 920 1114 ad'
935 1057 1104 1118 seraverti.

230 1153 334 1214 mirum
347 1155 393 1213 illi
405 1153 510 1214 videri.
530 1156 621 1214 mittit
640 1156 754 1224 iterum,
771 1172 833 1214 non
853 1155 990 1213 redditur.
1031 1157 1103 1230 lpse

229 1252 378 1310 hominem
399 1256 548 1326 appellat:
578 1260 667 1328 rogat,
689 1259 721 1312 ut
743 1255 857 1312 ‘reddat
910 1254 953 1312 Os
974 1253 1105 1314 hominis

205 1337 431 1426 'insignemque
444 1351 655 1426 impudentiam
674 1351 852 1426 eognosoite.
893 1353 982 1424 Quod
1002 1354 1102 1424 eoiret,
1209 1360 1214 1368 “

232 1450 366 1526 quodque
390 1467 430 1507 ex
456 1449 520 1524 ipso
546 1469 615 1525 rege
648 1451 776 1509 audisset
802 1451 833 1508 iu
861 1450 1010 1524 Capitolio
1036 1469 1103 1510 esee

229 1548 404 1620 ponendum,
417 1550 493 1621 quod
507 1548 579 1606 iovi
593 1549 713 1622 Optimo
732 1549 875 1617 Maximo,
895 1551 972 1624 quod
993 1552 1102 1625 populo

229 1641 364 1702 Romano
388 1646 499 1702 servari
510 1646 633 1715 videret,
646 1648 677 1704 id
690 1641 753 1706 'sibi
767 1652 799 1705 ut
811 1649 942 1716 donaret,
955 1665 1057 1722 rogare
1069 1653 1103 1708 et

228 1745 419 1803 vehementer
432 1749 530 1818 petere
544 1747 651 1820 eoepit.
694 1747 769 1806 Cum
785 1748 837 1806 ille
852 1765 884 1806 se
905 1752 937 1805 et
956 1747 1099 1822 religione

227 1841 315 1900 Jovia
329 1843 500 1918 Capitolini,
513 1849 544 1903 et
556 1845 706 1904 hominum
727 1844 943 1904 existimatione
963 1844 1099 1919 impediri
1222 1857 1225 1864 ’

228 1940 349 2010 diceret,
375 1944 451 2017 quod
474 1946 582 2020 multae
608 1943 742 2004 nationes
774 1948 864 2002 testes
896 1948 995 2000 essent
1017 1944 1097 2002 illius

227 2037 321 2109 operia
336 2053 371 2094 ao
385 2040 529 2098 muneris:
549 2039 605 2098 iste
619 2041 730 2100 homini
743 2041 848 2100 minari
868 2041 1008 2100 acerrime
1028 2057 1097 2100 ooa-

226 2134 279 2208 pit.
320 2134 380 2192 Ubi
393 2136 487 2206 videt,-
498 2153 564 2194 eum
577 2137 671 2196 nihilo
684 2139 776 2214 magis
789 2139 885 2208 minis,
897 2155 984 2215 quam
1003 2138 1098 2214 preci·

227 2235 279 2294 hus
292 2236 472 2309 permoveri:
492 2242 611 2311 repente
624 2238 774 2297 hominem
785 2241 824 2297 de
837 2239 991 2314 prouiueie
1006 2237 1096 2312 jubet

226 2337 295 2392 ante
319 2339 437 2392 noetem
456 2337 610 2394 decedere·
629 2335 680 2406 ait,
701 2353 734 2394 se
756 2337 942 2412 comperisse,
969 2353 1009 2394 ex
1031 2337 1095 2411 ejus

226 2447 317 2506 regno
330 2433 437 2506 piratas
450 2432 483 2492 in
498 2433 631 2492 Siciliam
644 2451 708 2492 ease
722 2440 871 2496 venturos.
912 2435 980 2492 Rex
1001 2435 1097 2494 mexi-

225 2547 275 2590 mo
287 2537 437 2590 conventu
451 2530 612 2606 Syracusis,
625 2532 657 2590 in
669 2533 740 2601 loro,
750 2550 789 2590 ne
811 2533 875 2608 quis
898 2533 972 2590 torte
990 2545 1039 2591 me
1061 2533 1096 2592 in

225 2628 348 2689 erimine
361 2631 483 2690 obscuro
496 2630 614 2700 varran,
627 2635 713 2706 atque
726 2631 863 2706 affingere
875 2630 985 2706 aliquid
1003 2629 1096 2704 ampi-

225 2730 313 2788 eione
325 2730 475 2790 hominum
487 2729 646 2797 arbitretur,
660 2713 692 2787 in
705 2729 776 2796 loro,
790 2728 917 2804 inquam,
938 2727 1096 2802 Syracusio

224 2827 307 2896 hene,
320 2845 356 2886 oe
368 2830 439 2886 deos
452 2827 639 2902 hominesque
652 2832 829 2895 contestans,
842 2828 969 2884 elamore
983 2825 1096 2900 eoepit,v

224 2925 429 2984 andelahrnm
451 2928 589 2984 laetume
608 2927 739 3001 gemmis,
759 2929 836 3004 quod
858 2927 891 2984 in
911 2925 1096 3000 Capitulium

224 3021 360 3080 missurus
385 3027 473 3090 esset,
495 3025 572 3098 quod
596 3023 630 3082 in
656 3026 765 3098 templo
784 3025 952 3084 ,clarissimo
983 3025 1091 3099 populo
1134 3023 1138 3030 ’

224 3119 358 3180 Romano
383 3125 601 3180 monumentum
620 3138 690 3180 auae
711 3121 860 3182 societatis
882 3121 1091 3197 amioitiaequa

223 3239 289 3282 essa
314 3221 475 3293 uoluisset3
502 3219 534 3278 id
549 3220 616 3290 sibi
643 3219 679 3280 C.
711 3221 836 3282 Verrem
855 3219 1023 3282 abstulisses
1049 3219 1090 3278 (le

223 3321 329 3380 ueteris
352 3321 486 3397 operibus
509 3337 548 3378 ex
558 3337 628 3392 auro
645 3324 676 3378 et
688 3319 820 3396 gemmis,
832 3335 905 3396 quae
928 3335 981 3376 sua
993 3333 1094 3392 penes

223 3418 306 3478 illum
328 3425 435 3488 essent,
454 3437 487 3478 ae
510 3436 569 3478 non
589 3421 735 3478 laborare:
764 3419 821 3500 hoo
843 3417 900 3477 eibi
920 3416 1003 3490 eripi,
1021 3415 1092 3474 mis-

222 3531 303 3576 erum
322 3533 386 3574 esse
412 3521 443 3576 et
463 3515 622 3592 indignum.
642 3517 674 3576 ld
685 3517 742 3576 etsi
761 3524 850 3578 antea
865 3517 930 3592 jam
941 3515 1042 3576 mente
1054 3517 1092 3573 et

120 3691 133 3712 Ι
220 3614 403 3696 rogitatiom
419 3609 487 3683 sua,
504 3613 655 3694 fratrisque
676 3615 731 3684 sui.
756 3620 958 3684 ooneematrun
988 3617 1095 3674 aurete
