2486 4212
247 339 312 406 m
522 265 536 350 ⁸,
575 323 769 388 mrnmnrd

248 465 331 562 ponit
344 501 390 555 ea,
403 485 504 562 quibus
528 485 702 552 abundabel,
722 479 846 557 plurime
865 491 901 537 ae
923 474 1122 556 pnlaherrima

247 599 320 642 vasa
340 589 487 660 argentea
504 601 628 659 namque
648 583 722 640 haee
744 595 831 638 aurea
851 577 980 636 nondum
999 575 1119 634 lecerat

246 682 379 742 omnibus
392 689 475 742 aurat
483 684 568 742 rebus
580 681 750 740 instructum
764 683 795 736 al
806 681 939 752 paratum
950 679 984 734 nt
996 674 1036 733 sit
1049 689 1117 731 oon·

245 779 370 841 rivium.
411 781 489 856 Quid
509 777 620 840 multa?
646 779 713 837 Rex
725 777 768 835 ita
780 775 927 842 discessit,
936 778 969 831 nt
983 770 1116 830 elisium

246 879 364 953 eopiosa
376 884 518 947 ornatum,
532 883 562 936 et
576 895 610 936 se
628 875 787 934 honorilice
800 869 1117 947 aeeeptnm'arbitrare·

246 979 301 1034 tur.
341 977 440 1036 Voeat
452 978 604 1036 adeenam
621 975 728 1034 deinde
748 973 812 1048 ipse
825 975 1005 1046 praetorem:
1024 979 1116 1040 expo
1226 991 1229 1100 5

245 1072 290 1131 nil
303 1091 368 1131 suae
381 1075 479 1148 eopias
492 1091 604 1143 omnes,
624 1075 745 1132 multum
758 1074 919 1146 argentum,
939 1083 997 1125 non
1017 1079 1116 1138 panon

245 1169 335 1230 etiam
357 1175 462 1246 poeula
482 1191 524 1230 ex
545 1189 624 1240 auro,
647 1189 729 1246 quae,
751 1175 783 1227 ut
806 1185 868 1227 mus
892 1171 938 1224 est
957 1163 1062 1239 regius,
1084 1165 1116 1218 et

244 1271 374 1328 maxime
389 1269 421 1328 in
436 1271 533 1344 Syria,
545 1270 666 1344 gemmis
680 1273 764 1326 erant
776 1267 916 1324 dbtineta
933 1261 1113 1323 elarissimis.

245 1365 317 1428 Erat
335 1369 425 1428 etiam
444 1385 497 1426 vas
516 1367 661 1425 vinarium
679 1383 719 1424 ex
738 1381 796 1422 nna
816 1379 930 1440 gemma
950 1359 1115 1436 pergrandi,

244 1468 330 1524 trulla
344 1471 497 1532 excavata,
512 1464 662 1522 manubrio
675 1479 779 1521 aureos
799 1463 837 1519 de
852 1477 918 1538 qua,
930 1461 1030 1529 oredo,
1042 1459 1112 1517 sat'u

167 1557 169 1560 ’
244 1561 390 1632 idoneum,
411 1563 481 1621 satis
503 1579 622 1638 gravem
637 1565 750 1628 testem,
772 1560 810 1633 Q.
833 1559 998 1618 Minueium
1013 1557 1112 1616 dieere

243 1660 387 1718 audiatis..
414 1661 475 1720 Iste
497 1661 717 1736 unumquodque
738 1675 792 1718 vas
812 1658 845 1718 ln
868 1675 969 1717 manus
989 1669 1111 1723 studere,
1228 1675 1229 1732 l

242 1759 371 1829 laudare,
390 1737 497 1818 mirari.
538 1759 605 1817 Rex
625 1759 759 1834 gaudere,
785 1758 911 1834 praetori
930 1757 1033 1832 populi
1056 1755 1111 1814 Ro·

242 1857 323 1916 mani
337 1858 576 1932 satisjuoundum
592 1862 623 1915 et
634 1862 747 1932 gratum
765 1857 838 1916 illud
852 1875 916 1914 esse
928 1855 1108 1915 convivium.
1228 1865 1229 1914 l

242 1952 435 2032 Posteaquam
458 1957 528 2014 inde
546 1956 706 2014 discessum
732 1961 786 2026 est,
809 1957 938 2036 epgitare
956 1955 1014 2013 iste
1035 1954 1109 2014 nihil

241 2052 321 2110 aliud
340 2050 430 2129 (quod
447 2054 512 2125 ipsa
526 2071 570 2111 res
584 2052 759 2132 declaravit)
780 2055 847 2122 nisi,
870 2054 1110 2130 quemadmodum

239 2161 342 2222 regem,
357 2167 396 2205 ex
409 2149 561 2222 provinoia
574 2151 731 2221 spoliatum
749 2153 963 2224 expilatumque
982 2149 1111 2207 dimitte·

239 2249 294 2304 ret.
334 2237 430 2304 Mittit
443 2251 572 2320 rogatum
585 2263 658 2304 vasa
672 2263 717 2315 ea,
735 2264 809 2322 quae
822 2248 1014 2322 pulcherrim
1031 2247 1109 2321 apud

239 2342 322 2402 illum
335 2345 466 2402 viderat:
481 2344 523 2402 ait
533 2363 564 2403 se
576 2345 634 2403 suia
647 2346 839 2404 caelatoribus
852 2348 931 2404 velle
944 2348 1107 2404 ostendere.

240 2441 317 2510 Rex,
344 2443 393 2517 qni
420 2443 507 2500 istum
528 2458 590 2503 non·
614 2448 723 2513 nosset,
756 2444 820 2503 sine
855 2447 915 2503 ulla
941 2445 1107 2521 suspicione

239 2537 430 2598 libentissime
454 2541 543 2600 dedit.
585 2541 680 2601 Mittit
699 2543 788 2601 etiam
808 2545 923 2603 trullam
944 2561 1107 2618 gemmeam

239 2643 386 2716 rogatum:
412 2642 491 2699 velle
517 2659 549 2699 se
577 2659 643 2700 eam
662 2624 829 2717 diligentius
850 2642 1044 2701 considerare.
1070 2659 1107 2701 ea

185 2753 227 2815 23
239 2755 351 2816 quoque
363 2739 392 2797 ei
406 2739 538 2798 mittitur.
578 2741 667 2799 Nune
680 2740 829 2815 reliquum,
837 2741 963 2814 judiees,
982 2741 1108 2800 attendi·

239 2840 278 2904 te,
291 2838 329 2894 de
347 2853 405 2912 qno
417 2842 447 2894 et
471 2853 525 2896 voa
538 2837 668 2908 audiatis,
689 2845 720 2897 et
741 2840 862 2913 populus
876 2839 1025 2898 Romanus
1047 2853 1106 2898 non

237 2949 316 2990 nuno
337 2931 459 3006 primum
472 2934 586 2992 audiet:
609 2937 683 2994 etin
696 2936 806 2995 exteris
826 2937 993 2996 nationibus
1016 2954 1105 3012 usque

237 3029 275 3088 ad
291 3027 408 3088 ultimas
432 3035 522 3090 terras
545 3039 732 3106 pervagatum
752 3041 806 3093 est
849 3035 1064 3094 Candelabrum
1087 3051 1105 3092 e

236 3125 360 3204 gemmis
376 3128 552 3197 clarissimis,
575 3146 662 3204 opere
685 3131 810 3191 mirabili
833 3134 1001 3207 perfeetum,
1022 3149 1106 3208 reges

156 3299 162 3306 ,
236 3226 278 3295 bi,
293 3243 362 3302 quos
375 3226 453 3299 dieo,
469 3227 592 3286 Romam
606 3245 672 3288 eum
695 3228 869 3302 attulistent,
891 3235 923 3289 nt
941 3230 973 3288 in
987 3231 1107 3304 capito·

179 3380 184 3383 ,
236 3324 279 3382 lio
288 3331 446 3398 ponerent:
460 3326 537 3402 qubd
551 3329 679 3386 nondum
692 3329 781 3386 etiam
794 3330 953 3401 perlectum
966 3329 1110 3403 templum

238 3420 429 3494 offenderant,
456 3441 552 3499 neque
578 3442 685 3500 ponere
711 3431 875 3500 potuerunt,
901 3445 994 3502 neque
1018 3427 1113 3500 vulgo

238 3519 395 3602 ostendere
409 3539 444 3582 ae
457 3521 583 3598 prolerre
597 3528 768 3588 voluerunt:
787 3530 820 3586 ut
832 3531 863 3584 et
875 3523 1114 3604 magnificentium
