2428 4212
207 353 271 413 232
542 343 576 392 ΙΝ
590 337 734 390 vultuata

205 493 460 568 defensionemque
479 488 657 566 provinciae.
699 487 819 544 Summa
840 483 911 541 illue
934 481 1067 555 pertinet,

205 597 236 650 ut
246 591 354 660 raiatia
367 591 503 667 quoniam
516 592 598 664 plura
610 588 794 662 generarunt
807 584 1021 656 imperatorum,
1032 596 1069 637 ex

205 707 260 768 qao
273 708 380 765 genere
392 690 448 747 iate
462 689 509 746 sit.
544 689 593 745 Ne
605 684 712 742 diutius
726 685 757 740 in
767 687 850 739 tauta
864 679 985 754 penuria
999 677 1072 734 viro-

204 803 267 846 rum
279 789 395 846 fortium
408 789 496 846 talem
505 786 704 858 imperatorem
718 782 851 856 ignorare
865 777 995 853 possitis:
1011 793 1070 833 non

204 887 242 946 ad
256 887 293 959 Q.
308 885 434 944 Maximi
447 883 628 958 sapientiam,
641 898 735 955 neque
758 879 796 936 ad
818 878 896 936 illiue
918 874 1071 949 superioria

206 985 340 1044 Africani
352 985 384 1042 in
398 1001 428 1042 re
441 983 568 1058 gerunda
589 980 779 1047 celeritatem,
804 995 898 1052 neque
922 977 958 1032 arl
975 975 1071 1048 hujus,

204 1083 254 1159 qui
267 1087 366 1156 postea
378 1082 444 1150 fuit,
455 1081 601 1155 singulare
615 1079 779 1144 eonsilium,
800 1093 895 1151 neque
919 1075 956 1131 ad
977 1073 1074 1131 Paulli

205 1179 347 1240 rationem
360 1195 395 1238 ao
411 1179 605 1253 disciplinam,
616 1195 709 1252 neque
722 1179 758 1234 ad
769 1176 804 1234 O.
816 1174 905 1232 Marii
917 1175 979 1231 vim
989 1179 1071 1247 atque

205 1278 351 1347 virtutem,
364 1280 417 1336 aed
435 1276 456 1310 ω
464 1279 502 1334 ad
515 1277 595 1334 aliud
608 1293 698 1351 genua
712 1275 915 1348 imperatorem
928 1289 999 1329 aune
1010 1271 1071 1328 dili·

204 1381 306 1454 genter
318 1377 502 1435 retinendum
516 1381 546 1434 et
565 1375 805 1440 conservandum,
829 1387 945 1447 quaero,
970 1387 1073 1444 eogno-

204 1477 288 1534 roite.
331 1476 471 1535 ltinerum
491 1475 613 1547 primum
632 1475 771 1539 laborem,
787 1470 836 1546 qui
857 1472 906 1527 vel
932 1469 1072 1527 maximus

203 1577 249 1630 eat
261 1574 294 1630 iu
304 1591 335 1630 re
348 1572 476 1640 militari,
491 1571 616 1644 judiees,
627 1575 658 1627 et
671 1571 703 1627 in
719 1568 821 1627 Sicilia
833 1570 961 1626 maxime
976 1585 1072 1626 neees-

203 1671 302 1739 aarius‚
323 1669 460 1744 aooipite,
484 1685 569 1745 quam
581 1669 698 1726 facilem
711 1669 768 1727 sibi
781 1667 837 1726 iate
859 1673 889 1724 et
912 1668 1073 1740 jucundum

203 1769 316 1827 ratione
335 1768 516 1844 consilioque
539 1767 705 1826 reddiderit.
747 1767 875 1824 Primum
897 1766 1072 1838 temporibus

204 1867 343 1936 hibernia,
356 1870 394 1925 ad
404 1867 634 1943 magnitudinem
647 1867 782 1941 frigorum
793 1867 870 1923 etad
889 1863 1072 1938 ³1tempesta·

205 1971 266 2025 tum
280 1967 342 2031 vim
355 1984 390 2025 ao
405 1966 554 2024 fluminum
568 1967 746 2039 praeclarum
760 1965 815 2022 sibi
829 1965 885 2026 hoa
914 1963 1071 2021 remedium

204 2068 393 2138 eompararat.
441 2065 552 2119 Urbem
575 2065 734 2135 Syracusae
759 2065 901 2137 elegerat;
923 2062 1005 2135 eujus
1026 2062 1072 2118 hio

203 2160 284 2228 eitun,
299 2165 384 2235 atque
397 2161 471 2217 haee
485 2163 588 2216 natura
600 2178 664 2217 esse
678 2161 736 2218 looi
760 2161 891 2235 caelique
912 2162 1028 2228 dieitur,
1043 2164 1074 2217 ut
1137 2160 1140 2164 ’

204 2260 300 2316 nullae
313 2275 448 2334 umquam
461 2259 523 2315 diea
545 2264 605 2316 tam
628 2276 742 2332 magna,
762 2262 980 2332 turbulentaque
1003 2264 1073 2315 tem·

203 2362 315 2432 pertate
337 2357 432 2426 fuerit,
454 2357 523 2433 quin
545 2357 642 2432 aliquo
666 2362 794 2430 ternpore
815 2358 877 2430 ejua
901 2356 961 2414 diei
983 2359 1074 2414 solem
1121 2425 1125 2430 Ι

232 2511 254 2544 ³⁰
268 2512 298 2558 ad
314 2511 380 2558 aliud
391 2525 463 2570 genua
479 2511 643 2567 imperaturam,
669 2511 723 2571 eto]
769 2509 835 2556 Hunc
852 2511 925 2556 locum
943 2525 1007 2556 oorru
1023 2514 1072 2556 tum

200 2567 329 2628 iudicavere
339 2569 380 2615 viri
391 2568 457 2616 docti.
488 2567 608 2615 Lambinus
619 2569 725 2616 correxit:
744 2569 903 2626 imperatorum
912 2583 955 2616 erre
974 2525 1073 2628 refereri-

204 2629 268 2686 dam,
283 2643 375 2688 rumpere
391 2628 433 2674 dil.
450 2629 675 2690 ete.putabatqueae
690 2627 784 2674 feliciter
801 2626 927 2674 oorrexiuae.
959 2627 1071 2674 Graeviur
1113 2637 1117 2646 ’

205 2691 280 2734 autem
290 2685 608 2744 oorreritr'mperutorrbeMa.
628 2687 685 2744 Reg.
700 2691 723 2732 et
738 2686 769 2733 sio
784 2687 860 2732 omnia
876 2685 963 2746 liquida
977 2686 1075 2756 putavit.

203 2749 237 2794 at
246 2747 298 2809 quid
307 2747 393 2794 interiit
409 2745 467 2794 inter
475 2759 546 2803 gerrae
562 2745 719 2802 inperatorem
735 2749 759 2790 et
773 2759 845 2802 genua
859 2745 1006 2802 aponum,
1030 2759 1076 2792 nou

204 2805 277 2852 video.
310 2806 361 2864 Ego
371 2804 457 2863 corrigo
466 2806 625 2862 imperatorem,
640 2820 669 2850 ac.
686 2803 786 2860 Verrem,
804 2804 863 2864 quod
881 2818 895 2849 e
911 2804 1024 2907 principio
1039 2804 1077 2850 hio

203 2863 322 2922 repetitum
332 2868 373 2910 eat.
405 2862 566 2923 compendium
575 2861 597 2909 in
607 2861 684 2910 rdtima
699 2863 786 2920 syllaba
807 2867 911 2923 oorrupte
921 2877 957 2908 am
975 2861 1075 2909 induxit:

203 2919 251 2966 rive
267 2934 330 2966 error
345 2921 466 2967 acribarum
481 2920 622 2966 referentium
641 2923 669 2968 ad
685 2935 763 2980 gerrae.
794 2921 867 2968 Series
883 2926 930 2966 eut:
955 2922 994 2969 Ne
1003 2921 1076 2966 talem

202 2977 359 3045 imperatorem
378 2977 482 3035 ignoretis
504 2977 599 3036 diutius3
615 2980 682 3038 agite,
706 2980 830 3039 oognoaoito
842 2981 888 3036 jam
905 2979 1074 3040 imperatorem,

202 3048 247 3082 uon
256 3035 349 3080 similem
357 3035 421 3082 illum
430 3035 519 3095 quidem
528 3037 638 3093 Maximo,
649 3039 762 3094 Africano,
773 3043 815 3085 eto.
831 3039 870 3084 aed
880 3039 937 3084 aliua
952 3037 1041 3096 generis
1050 3042 1075 3083 et

202 3092 263 3148 aovi,
271 3093 308 3154 qui
319 3093 380 3138 vobis
390 3092 509 3150 diligenter
518 3094 679 3142 ooneervandua
688 3096 722 3142 eit.
754 3099 788 3144 lta
798 3098 860 3142 clara
869 3101 919 3142 aunt
928 3097 1011 3142 omnia
1037 3096 1073 3142 Et

201 3151 232 3198 ad
240 3153 306 3199 uliud
312 3165 384 3210 gerrae
393 3156 427 3197 eat
436 3149 462 3196 ad
473 3151 540 3198 aliam
550 3153 662 3199 virtutem.
694 3155 763 3204 Plane
771 3171 817 3203 rem
825 3157 947 3202 decernunt
963 3155 1020 3201 haee
1030 3169 1044 3201 e
1053 3169 1073 3200 c.

204 3213 239 3261 1².
247 3211 288 3258 iate
296 3211 449 3272 nonoquoduru
458 3225 485 3256 ea
492 3225 573 3268 gruere
580 3211 705 3268 imperator.

219 3289 252 3359 ,³¹
268 3295 283 3337 t.
302 3290 348 3336 aim
361 3305 387 3335 uc
398 3289 545 3354 flandum]
580 3290 684 3338 Flumina
713 3293 809 3340 uomodo
823 3293 859 3340 lric
874 3297 899 3340 et
914 3293 937 3338 iu
956 3291 1074 3338 itineribua

203 3347 300 3416 hibernia
310 3357 466 3421 memorentnn·
481 3349 541 3421 disee
555 3365 569 3396 e
586 3351 647 3397 Suet.
663 3351 687 3426 in
699 3307 765 3422 {laea
777 3369 795 3398 o.
807 3358 842 3400 57.
880 3351 932 3398 Hoc
949 3352 1076 3418 ignoratum

202 3410 447 3512 tittttlfftt
456 3407 1076 3526 rettulit?ttmtlttttttt‘ttttl:

203 3521 251 3568 Ma.
263 3521 301 3590 fir.
312 3522 370 3579 quod
380 3528 403 3569 et
423 3525 541 3573 Lmnbinua
559 3527 647 3573 viderat
655 3542 702 3574 ease
720 3531 882 3590 reponendum:
901 3533 926 3574 et
944 3528 992 3574 aine
1008 3525 1076 3570 libria

202 3582 508 3706 ξῖοιέυὲἓῐξὲζὶωῐὲφῖνὲῗ.
520 3591 628 3644 comparat
639 3591 673 3634 eat
688 3601 728 3652 per
737 3589 890 3652 compendium
900 3601 942 3650 pro
961 3591 1077 3644 tongam·
