2438 4206
216 329 257 396 re
553 328 746 382 rsvnsnnu

214 477 328 536 auribus
338 475 498 556 animisque
509 483 652 538 aratorum
661 481 838 550 versaretur3
858 492 924 538 cum
932 467 1087 536 decumani

214 576 371 634 aratoribus
385 579 422 637 ad
435 577 586 654 pactiones
601 577 758 647 iaciendas,
773 594 833 636 nnn
852 595 934 637 suam
947 577 1018 644 vina,
1032 575 1087 634 sed

216 680 296 734 tunm
310 679 404 736 scetus
427 695 464 736 ac
478 695 584 738 nomen
598 682 795 752 opponerent:
815 678 927 752 ecquod
940 674 1088 749 judicium

215 773 328 834 Romae
343 782 402 835 tam
415 776 593 846 dissolutum,
607 783 666 834 tam
686 775 838 850 perditum,
852 780 911 833 tam
931 772 1086 831 nummari-

164 865 169 875 “
214 892 262 932 um
275 875 334 934 fore
354 875 469 950 putasti,
482 891 539 950 qno
553 893 591 932 ex
606 873 724 949 judicio
748 878 777 931 te
798 876 859 932 ulla
872 874 950 930 salus
963 889 1084 930 servare

212 971 330 1046 posset?
349 989 415 1030 cum
436 977 553 1046 ptanum
567 973 659 1041 fieret,
672 973 803 1032 decumis
825 977 928 1031 contra
941 970 1086 1038 instituta,

212 1073 301 1145 leges,
309 1071 603 1147 consuetudinemque
613 1071 741 1130 omnium
751 1069 888 1139 venditis,
897 1070 929 1127 in
938 1073 1084 1127 aratorum

212 1170 296 1226 bonis
305 1169 480 1244 fortunisque
491 1168 660 1244 diripiendis
670 1171 846 1229 decumanos
857 1169 1007 1226 dictitasse
1018 1173 1084 1226 tuas

212 1285 276 1327 esse
289 1272 394 1341 partes,
406 1273 487 1325 tuam
500 1285 570 1336 rem,
583 1273 663 1326 tuam
682 1269 837 1342 praedam:
857 1267 943 1342 idque
958 1271 987 1323 te
1000 1272 1084 1324 tacu·

163 1401 170 1414 »
214 1368 281 1435 isse,
295 1373 334 1435 et,
347 1383 414 1424 cum
427 1366 608 1424 dissimulare
632 1384 691 1424 non
713 1383 821 1440 posses,
842 1365 970 1439 potuisse
984 1369 1084 1424 nmen

215 1466 328 1541 perpeti
346 1470 376 1521 et
389 1465 523 1538 perferre,
537 1466 612 1537 quod
632 1463 799 1538 magnitudo
822 1464 895 1521 tucri
916 1466 1084 1521 obscuraret

217 1563 339 1638 periculi
366 1561 605 1636 magnitudinem,
634 1565 754 1637 ptusque
777 1563 927 1638 aliquanto
953 1564 1029 1636 apud
1055 1566 1087 1618 te

215 1661 356 1737 pecuniae
369 1661 522 1734 cupiditas,
536 1679 620 1735 quam
636 1660 744 1734 judicii
758 1666 852 1718 metus
865 1658 984 1734 posset?
1003 1662 1085 1718 Esto.

215 1768 429 1834 ceteranegsre
440 1777 498 1818 non
509 1763 602 1834 potes.
622 1758 743 1818 ne‘illud
754 1759 869 1834 quidem
880 1759 934 1818 tibi
945 1759 1087 1834 reliquum

215 1861 320 1928 iecisti,
340 1863 372 1917 nt
392 1861 449 1916 hoe
470 1875 569 1932 posses
589 1859 698 1926 dicere,
712 1857 785 1915 nihil
806 1875 905 1914 eorum
919 1863 949 1914 te
962 1857 1087 1926 audisse,

216 1959 291 2018 nihil
306 1960 343 2016 ad
356 1963 419 2014 tuas
433 1973 516 2013 aures
530 1955 567 2012 de
581 1956 703 2013 infamia
722 1961 772 2012 tua
791 1956 968 2029 pervenisse.
1011 1957 1088 2028 Que-

218 2058 353 2115 rebsntur
365 2071 433 2110 cnm
446 2055 526 2109 tuctu
547 2057 578 2109 et
598 2053 707 2126 gemitu
722 2058 858 2112 aratores.
880 2060 911 2111 tu
931 2055 962 2111 id
977 2053 1089 2112 nmcie-

217 2151 290 2212 bas?
311 2153 467 2210 Fremebat
481 2154 543 2208 tota
556 2151 717 2224 provincis.
738 2171 824 2210 nemo
835 2153 866 2211 id
877 2152 930 2211 tibi
944 2153 1090 2212 renuntia·

217 2251 287 2312 bat?
307 2252 419 2309 Romae
433 2249 679 2325 querimoniaede
695 2251 750 2307 tuis
768 2251 891 2325 injuriis,
913 2257 1090 2310 conventus·
1183 2245 1185 2252 ⁴

217 2370 272 2428 que
298 2351 487 2408 habebantur.
521 2349 675 2423 ignorabas
707 2347 803 2408 haec?
835 2349 987 2424 ignorabas
1014 2353 1090 2410 haec

125 2475 128 2484 .
216 2444 339 2510 omnia?
367 2445 468 2522 Quid?
498 2465 566 2507 cnm
588 2449 684 2520 palam
708 2449 869 2521 Syracusis,
891 2455 922 2506 te
943 2449 1092 2518 audiente,

217 2549 345 2608 maximo
358 2551 507 2606 conventu
519 2547 552 2604 P.
565 2546 689 2603 Rubrius
705 2547 741 2618 Q.
757 2548 918 2620 Apronium
932 2549 1088 2622 sponsione

217 2648 376 2717 lacessivit,
393 2663 427 2706 m
446 2663 599 2704 arnonius
619 2661 820 2714 mormanus,
838 2664 879 2704 ru
907 2666 968 2706 srm
984 2665 1017 2704 ns
1031 2663 1089 2706 nn·

217 2767 311 2810 ouans
331 2765 407 2806 nssn
428 2763 556 2805 somnne
591 2741 694 2802 ³¹haec
716 2751 745 2802 te
767 2763 828 2802 vox
841 2763 901 2805 non
924 2743 1090 2821 percussit?

217 2867 278 2907 uon
290 2842 490 2920 perturbavit?
509 2861 578 2911 non,
592 2847 623 2900 ut
645 2844 735 2917 copiti
755 2849 786 2902 et
806 2844 927 2902 fortunis
941 2845 998 2904 tuis
1011 2863 1091 2919 pros·

216 2945 341 3019 piceres,
354 2938 519 2999 excitavit?
540 2940 693 2997 Tacuisti:
714 2943 822 3000 sedasti
841 2945 931 3002 etiam
944 2945 1012 3002 lites
1026 2945 1092 3004 itto-

218 3059 297 3102 nrmz
326 3043 357 3098 et
377 3037 496 3111 sponsio
517 3037 570 3095 itta
591 3054 629 3094 ne
654 3037 745 3106 tieret,
768 3041 915 3099 laborasti.
957 3044 1023 3112 Pro,
1048 3043 1095 3104 dii

168 3103 186 3160 ὁ
218 3139 414 3202 immortales!
434 3135 520 3196 ³²hoc
540 3136 682 3195 innocens
697 3138 784 3196 homo
803 3135 916 3214 perpeti
929 3142 1095 3215 potuisset?

244 3297 268 3332 ³¹
282 3297 394 3344 Motae.
403 3309 428 3342 n.
436 3293 551 3355 percutit]
583 3293 663 3340 Cicero
672 3293 719 3342 sine
731 3293 800 3341 dubio
807 3294 905 3356 scripsit:
919 3297 1036 3355 percussit²
1047 3298 1095 3356 sui,

217 3359 244 3404 ut
253 3355 359 3402 sexcentis
365 3353 426 3411 locis,
434 3353 533 3410 persedit
542 3352 686 3400 substitutum
696 3358 736 3400 est.
753 3353 777 3400 id
788 3359 862 3402 nutem
872 3355 964 3402 verbum
973 3357 1097 3404 vehemen-

217 3415 263 3462 tius
280 3418 321 3470 est,
339 3428 405 3474 quam
420 3427 461 3482 pro
477 3427 510 3469 re,
527 3416 551 3458 et
567 3413 640 3458 verbis
658 3413 799 3475 sequentibus
815 3415 961 3472 pemurbncit,
979 3416 1095 3466 amon.

217 3471 331 3522 ciceronis
337 3475 450 3518 accusatio
458 3471 571 3519 hominem
580 3471 682 3532 perculit,
692 3488 735 3520 non
745 3472 788 3520 ista
798 3473 918 3535 sponsionis
929 3473 1004 3522 verba.

247 3552 271 3586 ³²
285 3551 323 3597 too
336 3549 506 3608 antissam]
537 3552 587 3597 Aut
600 3550 689 3597 videtur
705 3565 753 3600 esse
767 3553 893 3600 delendum.
926 3553 986 3600 Nam
995 3553 1036 3600 doc
1045 3569 1095 3602 nrm

219 3615 377 3660 estcommune
385 3607 473 3670 utrique
479 3609 586 3667 membro,
595 3609 634 3658 sed
643 3609 738 3660 husun
746 3611 868 3674 proprium.
883 3610 1097 3674 itsqoatocumaot
