2460 4200
403 359 475 412 sor.
492 361 521 411 u.
537 357 798 410 unsaramma.
991 355 1034 422 er

162 501 269 575 populi
283 503 416 566 Romani.
458 509 524 568 lloc
538 509 613 584 petit
631 507 779 584 aliquanto
790 511 858 565 ante
877 505 1037 564 maantam

165 617 268 660 suum:
291 611 321 664 et
334 607 419 665 simul
436 608 573 677 ostendit,
595 627 628 665 se
647 611 713 683 lege
732 607 891 666 Hieronica
904 603 1038 662 vendito-

168 715 238 770 rum,
259 705 315 762 troo
328 711 383 774 est,
404 707 536 765 inomni
556 707 869 766 rationedecnmarum
891 703 966 762 nihil
987 699 1039 760 isli

167 799 262 859 simile
276 803 426 863 iacturum.
469 807 568 881 Atque
590 807 674 873 haec,
689 823 748 864 non
765 803 924 877 cupiditate
942 801 1039 876 aliqua

166 899 268 959 scribit
291 904 441 972 adductus,
467 911 500 962 ut
526 905 557 962 in
581 905 710 962 alienam
737 903 920 978 provinciam
944 899 1042 958 mittat

164 997 280 1056 litterae
295 1007 364 1060 ante
378 1009 507 1077 tempns3
520 1005 571 1061 serl
585 1003 718 1072 consilio,
731 1021 779 1070 ne,
792 1003 818 1060 st
828 1007 942 1074 tempus
954 997 1040 1056 salio·

168 1097 217 1154 nis
238 1099 443 1171 praeteriisset,
457 1121 576 1176 granum
595 1103 627 1160 iu
642 1101 795 1177 provincia
810 1099 916 1158 Sicilia
929 1099 1041 1156 nultum
1063 1153 1068 1160 .

170 1193 354 1254 haberemus.
410 1200 587 1274 Cognoscitc
617 1201 734 1259 Metelli
760 1201 879 1259 litteras.
934 1196 1042 1255 Recita

172 1294 326 1366 epistolam
348 1297 383 1353 1..
407 1295 533 1354 Metelli.
555 1315 710 1355 armentu
734 1317 763 1355 1..
784 1315 933 1355 ananum.
975 1295 1041 1352 Hae
1054 1293 1093 1354 ta

169 1391 295 1461 litterae,
309 1393 436 1468 judices,
452 1397 489 1453 1..
505 1395 632 1464 Metelli,
648 1413 719 1470 quas
734 1395 863 1462 audisti,
877 1396 943 1460 troc,
955 1409 1044 1467 quan-

169 1493 231 1548 tum
254 1497 299 1549 est
322 1511 362 1551 ex
382 1493 488 1552 Sicilia
505 1494 641 1552 frumenti
660 1493 818 1562 hornotini,
838 1495 1043 1550 exaraverunt.

170 1591 287 1664 glebam
306 1598 481 1651 commosset
494 1593 525 1650 iu
539 1611 609 1668 agro
621 1595 786 1650 murriano
807 1592 931 1650 Siciliae
944 1607 1043 1658 nemo,

170 1689 196 1745 si
211 1690 349 1748 Metellus
361 1693 439 1751 hauc
454 1693 606 1766 epistolam
620 1711 679 1751 non
689 1693 824 1751 misisset.
865 1689 966 1764 Quiri?
980 1691 1044 1747 Me·

172 1773 245 1844 tello
264 1787 405 1847 divinitus
427 1791 484 1846 hoc
498 1791 629 1849 venitin
652 1797 797 1847 mentem:
817 1806 855 1848 cn
868 1791 906 1846 ab
925 1789 1044 1857 Siculis,

173 1885 223 1958 qui
248 1887 371 1945 Romam
392 1887 616 1963 frequentissimi
634 1893 843 1955 convenerant,
861 1887 1046 1961 negotiatori-

171 1985 283 2060 busque
298 1983 418 2044 Siciliae
426 1987 528 2045 tloctua
542 1986 612 2046 est?
624 2005 753 2063 qnorum,
766 1987 866 2063 quanti
879 1991 1044 2045 conventus

171 2085 209 2140 ati
230 2083 395 2152 Marcellos,
413 2085 628 2161 antiquissimos
643 2087 766 2145 Siciliae
786 2091 930 2161 patronos,
943 2089 1044 2163 quami

172 2183 209 2238 ad
230 2183 286 2242 Cn.
302 2183 480 2259 Pompejum,
498 2189 648 2244 consulem
663 2185 854 2260 designatum,
874 2191 1045 2263 ceterosque

172 2281 250 2340 illius
265 2285 434 2358 provinciae
446 2287 634 2351 necessarios,
646 2287 709 2344 lieri
722 2285 802 2343 soliti
812 2285 880 2353 sint,
891 2287 955 2362 quis
964 2288 1045 2359 igno·

171 2380 238 2439 rat?
256 2383 340 2454 Quod
355 2383 619 2458 quidemjudlcium
633 2387 714 2442 nollo
727 2400 862 2461 nmquam
875 2385 913 2442 de
927 2386 1045 2444 homine

175 2479 284 2538 lactum
305 2487 359 2550 est,
378 2487 410 2540 nt
423 2485 527 2540 absens
550 2491 733 2542 accusaretur
746 2486 783 2540 ab
796 2483 833 2542 iis
853 2487 959 2558 palam,
977 2502 1045 2558 qao·

173 2597 236 2638 rum
255 2581 287 2638 in
309 2583 386 2638 bona
399 2581 561 2658 liberosque
579 2599 722 2640 summum
744 2583 897 2655 imperium
921 2587 1045 2656 potesta·

173 2681 289 2754 temque
301 2681 430 2738 liaberet.
473 2681 575 2738 'I'outa
589 2683 634 2737 ris
649 2687 711 2738 erat
724 2680 902 2754 injuriarum,
912 2686 943 2737 ul
956 2681 1046 2739 laomi-

176 2795 230 2834 nes
252 2777 367 2850 quidvis
388 2777 508 2850 perpeti,
532 2795 618 2851 quam
631 2795 690 2836 non
712 2780 749 2835 de
763 2778 846 2836 istius
859 2777 1003 2852 pravitate
1015 2785 1047 2838 et

177 2873 291 2947 injuriis
305 2875 454 2946 deplorare
471 2881 501 2932 et
514 2877 651 2950 conqueri
666 2877 795 2934 mallent.
838 2878 917 2950 Quas
936 2878 1049 2936 litteras

176 2991 244 3031 oum
271 2975 308 3030 ad
332 2991 433 3030 omnes
457 2973 593 3032 civitates
621 2993 708 3049 prope
728 2977 898 3050 suppliciter
921 2978 1047 3038 misisset

176 3074 330 3132 Metellus:
353 3081 451 3133 tamen
466 3076 615 3150 antiquum
637 3078 752 3133 modum
772 3076 894 3134 sellonis
907 3080 988 3134 nulla
1007 3093 1048 3134 ex

174 3177 257 3248 parte
281 3174 395 3248 assequi
417 3173 518 3247 potuit.
545 3173 720 3248 diffugerant
743 3175 823 3232 enim
846 3175 989 3249 permulti,
1015 3173 1047 3234 il

177 3275 251 3346 quod
279 3275 448 3330 ostendam:
477 3287 535 3331 non
567 3275 660 3330 solum
687 3273 840 3340 arationes,
875 3276 927 3330 sed
957 3273 1047 3332 etiarn

176 3373 260 3429 sedes
287 3387 353 3429 suas
376 3371 493 3444 patrios,
510 3369 594 3428 istius
617 3369 731 3444 injuriis
755 3373 906 3446 exagitati,
925 3371 1046 3449 relique·

178 3474 252 3528 rant.

179 3621 254 3668 itanu.
321 3626 375 3684 tque
384 3623 499 3670 commode
508 3623 551 3670 diri
560 3637 631 3671 secra
640 3622 667 3670 in
681 3623 701 3671 t.
714 3639 738 3681 p.
749 3623 780 3671 R.
812 3627 845 3672 tt
859 3619 1047 3681 sererebeueiffe

176 3680 289 3748 ptiq‘
316 3681 867 3754 estibeoetciomeratinazrmoninserendo.
