2428 4212
356 291 426 346 um.
443 294 473 342 ιι.
497 291 595 342 uasa
608 286 758 342 sumum.
929 285 990 350 2⁵?

132 439 266 502 Siciliam
282 444 416 518 appulsos
429 458 492 500 esse
505 438 640 497 dicehat:
660 437 743 505 alios,
755 435 804 512 qui
816 452 834 492 a
846 432 997 509 praedoni·

132 539 186 596 hus
197 545 279 598 erant
286 541 446 615 capti,cum
456 543 629 596 mercaturas
639 533 802 603 iacerent,⁹¹
812 533 997 608 autaliquem

133 637 173 693 ob
183 653 299 696 causam
310 638 489 713 navigarent,
500 653 552 693 sue
561 637 711 692 voluntate
719 651 786 692 cum
798 633 897 708 piratis
909 632 997 691 fuisse

132 737 278 808 arguebat.
320 738 420 812 ltaque
443 735 496 792 elii
519 735 602 792 cives
626 733 761 801 Romani,
784 751 822 790 ue
843 749 998 808 cognosce·

132 838 238 901 rentur,
252 833 395 908 capitibus
414 832 561 892 obvolutis
582 851 599 889 e
622 848 739 890 carcere
753 833 790 890 ad
804 833 901 906 palum
913 836 999 906 atque

131 930 168 986 ad
192 949 297 990 necem
318 931 518 1005 rapiebantur:
538 931 599 998 alii,
620 949 687 988 cum
718 948 737 988 ιι
764 929 862 988 multis
885 929 999 986 civibus

133 1027 275 1086 Romanis
289 1033 571 1102 recognoscerentur,
581 1031 618 1085 ah
627 1029 760 1087 omnihus
770 1029 1001 1096 defenderentur,

133 1127 230 1183 securi
265 1127 450 1184 feriebantur.
505 1127 632 1198 Quorum
662 1145 717 1201 ego
751 1130 788 1185 de
816 1126 1002 1185 acerbissima

135 1230 229 1282 morte
249 1224 504 1300 crudelissimoque
527 1225 657 1282 cruciatu
679 1226 785 1293 dicam,
798 1243 864 1284 oum
883 1243 949 1283 eum
962 1210 1003 1282 lh·

137 1340 203 1379 cum
218 1327 342 1380 tractare
355 1339 495 1396 coepero:
516 1327 547 1378 et
559 1322 601 1378 ita
621 1321 727 1389 dicam,
750 1329 791 1390 ut,
812 1323 837 1380 si
856 1341 903 1380 me
922 1323 955 1380 in
968 1340 1004 1380 ea

136 1420 324 1496 querimonia,
337 1439 422 1496 quem
435 1439 499 1478 sum
517 1420 664 1478 habiturus
676 1422 713 1477 de
726 1419 808 1477 istius
827 1419 1006 1488 cmdelitate,

137 1521 225 1577 etde
249 1519 361 1578 civium
385 1521 581 1578 Romanorum
602 1518 803 1593 indignissima
825 1523 927 1586 morte,
946 1534 1007 1576 uon

137 1619 223 1674 modo
240 1619 327 1686 vires,
346 1635 447 1676 verum
467 1618 555 1675 etiam
576 1618 639 1674 vita
652 1618 778 1684 deficiat,
791 1617 821 1674 id
835 1616 908 1674 mihi
928 1635 1007 1690 prae·

137 1717 246 1774 clarum
260 1721 291 1772 et
306 1717 468 1788 jucundum
492 1722 600 1788 putem.
641 1716 725 1792 Haec
748 1715 836 1788 igitur
858 1721 902 1774 est
925 1721 1007 1790 gesta

139 1831 194 1880 res,
222 1815 295 1870 hsec
323 1813 449 1870 victoria
475 1815 643 1890 praeclara:
676 1829 853 1886 myoparone
885 1813 1008 1887 piratico

139 1918 237 1986 capto,
249 1914 310 1970 dux
324 1910 471 1978 liberatus,
484 1909 686 1984 symphoniaci
700 1911 822 1968 Romam
836 1910 934 1969 missi:
955 1911 1009 1970 tor·

142 2011 217 2070 mosi
239 2010 379 2078 homines,
403 2015 433 2066 et
457 2010 666 2077 adolescentes,
694 2013 724 2066 et
745 2009 869 2067 artifices
895 2011 1010 2068 domum

142 2108 276 2166 abducti:
297 2109 328 2166 iu
339 2125 437 2166 eorum
452 2109 556 2175 locum,
566 2112 597 2164 et
606 2108 752 2166 ad'eorum
766 2126 914 2168 numerum
927 2108 1010 2168 cives

143 2207 269 2265 Romani
291 2206 427 2264 hostilem
440 2206 472 2263 iu
486 2207 603 2263 modum
625 2207 747 2264 cruciati
765 2211 797 2264 et
817 2207 932 2265 necati:
951 2225 1012 2266 om·

141 2307 188 2364 nis
211 2305 301 2362 vestis
325 2306 439 2361 ahlata:
459 2321 546 2360 omne
567 2321 666 2361 numm
679 2309 710 2360 et
723 2311 872 2378 argentum
885 2307 1013 2363 ablatum

142 2411 174 2462 et
187 2419 330 2461 aversum.
373 2403 416 2459 At
429 2403 667 2476 quemadmodum
681 2403 742 2476 ipae
761 2421 824 2460 sese
842 2403 937 2460 induit
957 2405 1012 2477 pri·
1023 2415 1064 2474 29

143 2519 195 2560 ore
217 2497 356 2558 actione?
386 2501 434 2574 qui
449 2507 491 2557 tot
515 2501 578 2558 dies
600 2483 747 2569 tacuisset,
768 2509 888 2576 repente
910 2502 942 2560 in
968 2499 1011 2561 M.

145 2600 250 2667 Aonii,
274 2599 399 2657 hominis
423 2600 659 2672 splendidissimi,
682 2601 857 2668 testimonio,
876 2599 973 2659 mcurm
986 2601 1012 2658 is

144 2699 243 2756 civem
263 2699 425 2756 Romanum
447 2698 579 2767 dixisset,
597 2697 801 2771 archipiratam
823 2705 957 2772 negasset
969 2718 1013 2757 se·

143 2797 207 2855 curi
230 2813 294 2853 esse
318 2813 492 2869 percussum,
516 2796 650 2866 exsiluit3
678 2797 859 2854 conscientia
885 2799 1012 2866 sceleris,

173 2951 194 2986 ⁸¹
208 2949 356 3009 metipsum
371 2949 397 2995 ot
411 2949 518 3010 cesoma]
548 2949 584 2997 hic
601 2951 652 2997 edd.
663 2955 719 2998 vett.
730 2951 821 2998 etMss.
859 2951 1013 3002 Hotomannm

144 3024 227 3079 exuno
242 3008 289 3056 Ma.
301 3008 387 3054 eddidit
397 3009 492 3078 glossam
508 3011 584 3065 uhhm,
594 3024 661 3070 quam
675 3009 744 3056 miror
763 3010 882 3058 Grutemm
892 3013 1011 3060 admisisse.

140 3067 446 3187 ιΙίἰεέδιειιᾳιιξὺῑιιῑιιεοΙίέξιιιινιιιε.
477 3065 590 3132 Frequens
607 3073 642 3115 est
660 3083 697 3130 ap.
718 3069 847 3117 Ciceronem
864 3071 953 3132 ιιὶίφιίι,
972 3085 1014 3134 pro

176 3207 199 3238 ⁰²
207 3220 259 3252 tum
267 3206 287 3250 ts
294 3205 349 3251 ciues
358 3203 422 3250 Rom.
433 3205 531 3261 dieisrd
541 3211 561 3252 et
568 3206 639 3265 arth]
661 3206 719 3252 sud.
729 3220 762 3265 pr.
770 3207 853 3252 habeut
862 3207 1014 3268 compendium

147 3263 185 3310 Gi.
196 3263 237 3310 Ro.
249 3264 301 3310 iude
319 3265 401 3309 tuemur
418 3278 445 3309 er
461 3263 537 3310 lanato
555 3264 620 3310 civo
634 3263 699 3310 Rosa.
734 3265 824 3324 Aliquot
839 3268 913 3310 tamen
930 3267 1013 3326 scripti,

147 3323 216 3370 etism
225 3323 267 3368 Gu.
280 3322 362 3368 hahent
371 3322 440 3367 cinam
529 3322 588 3383 quod
598 3321 682 3382 recepit
691 3321 805 3368 Graevius.
822 3323 878 3368 hene
888 3343 893 3369 :
909 3339 960 3370 nam
970 3339 1016 3374 uon

149 3379 179 3426 de
189 3381 290 3426 universo
299 3382 341 3426 hoc
350 3378 441 3426 sumine
456 3380 560 3441 loquitur,
571 3380 610 3425 sed
626 3380 655 3426 ds
669 3394 698 3426 eo
716 3380 772 3436 eive,
782 3380 820 3441 qui
829 3395 871 3441 pro
879 3382 1016 3444 archipirata

147 3443 183 3484 est
200 3438 334 3495 interiectus,
344 3443 368 3484 et
387 3453 438 3485 mox
455 3445 503 3486 est:
521 3438 597 3485 Cinna
611 3437 676 3485 Rom.
695 3439 768 3485 securi
785 3453 827 3485 erse
839 3455 974 3498 petessant,
983 3445 1013 3488 A.

149 3510 213 3556 eques
222 3496 252 3542 R.
264 3496 325 3542 dio't.
365 3497 470 3545 Ceterum
479 3499 560 3560 copula
569 3501 589 3542 et
597 3496 676 3544 melius
682 3503 706 3543 ot
715 3499 820 3546 efficacius
830 3500 922 3547 abesset
941 3511 1015 3548 ustam

146 3554 396 3616 putoeterminatioue
405 3557 467 3605 verbi
474 3555 636 3618 praecedentis.
667 3557 824 3607 Etabesttiu.
833 3557 908 3620 itaque
916 3559 999 3608 delevi.

170 3653 242 3696 von.
258 3655 287 3694 v.
564 3641 602 3695 ²2
616 3635 634 3672 *
