2486 4212
242 325 307 385 140
589 313 781 366 mvaaaau

242 471 287 524 est
300 463 462 524 eommunis
483 467 513 521 et
537 462 668 537 privatae
694 462 736 519 rei
760 459 911 519 sociorum.
932 459 1048 518 tametsi
1060 461 1109 518 lex
1150 509 1152 516 ,
1229 497 1230 516 r

241 570 287 621 est
306 566 344 621 de
367 563 499 636 pecuniis
521 562 696 635 repetundis,
718 561 769 617 ille
792 579 823 616 se
845 563 933 632 negat
954 560 1108 630 pecuniam

241 666 387 734 repetere3
409 679 493 736 quarn
521 666 648 732 ereptam
675 677 732 716 nun
763 663 916 730 tantopere
943 656 1105 716 desiderat:

240 776 323 816 saara
336 779 367 816 se
382 759 520 833 majorum
534 775 647 816 suorum
672 761 801 829 repetere
815 758 866 812 abs
880 760 910 812 te
924 755 1015 812 dioit:
1041 757 1108 814 deos

240 855 391 930 ¹⁰penates
410 877 428 914 a
451 863 480 914 te
505 857 611 929 patrios
635 855 769 926 reposuit.
810 852 905 927 Ecqui
928 854 1019 925 pudor
1037 851 1106 911 esti

240 973 333 1029 eoque
351 955 461 1028 religio,
476 952 604 1010 Verres?
625 954 710 1026 eoqui
732 949 848 1009 metus?
871 951 1010 1008 habitasti
1032 951 1106 1023 apud

241 1053 348 1124 Hsjum
363 1054 535 1110 Messanae:
556 1069 601 1108 res
615 1052 696 1108 illum
710 1051 825 1108 divinas
839 1051 914 1122 apud
928 1067 978 1106 eos
992 1050 1062 1106 deos
1075 1050 1106 1108 iu

240 1167 293 1206 suo
306 1151 430 1216 saorario
441 1168 529 1222 prope
540 1149 668 1223 quotidie
679 1149 775 1204 irruere
785 1147 893 1204 vidisti.
908 1165 967 1204 nou
976 1151 1108 1204 movetur

240 1247 381 1320 pecunia:
406 1247 531 1320 denique
546 1264 618 1322 quae
632 1247 794 1305 ornamenti
805 1263 891 1302 eausa
905 1245 1029 1310 luerunt,
1043 1261 1101 1304 nou

240 1345 367 1418 requirit.
409 1346 493 1403 Habe
505 1345 709 1417 Canephoros:
731 1345 848 1400 deorum
860 1344 1013 1398 simulacra
1028 1341 1106 1402 resti·

241 1448 299 1500 tue.
342 1445 424 1513 Quae
447 1444 515 1516 quia
535 1443 620 1508 dixit,
634 1443 700 1514 quia
729 1446 857 1514 tempore
878 1441 947 1496 dato
977 1441 1105 1498 modeste
1144 1475 1146 1482 =
1229 1425 1230 1434 ἵ

241 1542 316 1614 apud
339 1559 391 1595 vos
415 1540 696 1611 sociusamiousque
717 1539 815 1610 populi
841 1538 967 1595 Romani
990 1543 1105 1611 questus

240 1642 303 1694 est:
323 1637 390 1708 quia
413 1637 546 1710 religioni
561 1655 629 1692 suae
645 1654 704 1692 non
724 1637 811 1692 modo
833 1635 934 1692 indiis
949 1635 1048 1708 patriis
1064 1653 1104 1694 re·

240 1734 384 1808 petundis,
397 1736 447 1790 sed
462 1735 550 1792 etiam
565 1734 595 1792 iu
607 1734 669 1806 ipso
677 1733 864 1805 jurejurando
878 1749 914 1790 ao
928 1732 1103 1801 testimonio,

240 1832 386 1906 proximus
401 1833 470 1890 luit:
491 1833 636 1890 hominem
658 1831 774 1889 missurn
788 1833 825 1887 ab
846 1831 903 1888 isto
922 1831 1027 1888 soitote
1041 1848 1104 1888 esse

214 1925 217 1932 ⁴
242 1930 412 1992 Messanam
434 1933 470 1986 de
494 1931 597 2003 legatis
619 1948 718 1996 unum,
742 1929 823 1986 illum
844 1928 946 2001 ipsum,
960 1929 1010 2001 qui
1033 1926 1103 1986 navi

239 2027 323 2084 istius
334 2028 531 2084 aedificandae
545 2028 659 2098 publioe
674 2027 803 2098 praefuit,
814 2027 862 2099 qui
876 2043 894 2081 a
907 2033 1008 2084 senatu
1026 2031 1104 2098 prela·

189 2103 292 2190 -9ret,
306 2131 337 2182 ut
352 2125 444 2196 Hejus
457 2125 615 2198 ignominia
629 2125 796 2180 afficeretur.
839 2124 934 2180 Homo
944 2123 1105 2187 amentissi-

238 2241 295 2290 me,
309 2223 375 2296 quid
391 2221 518 2296 putasti?
540 2228 568 2280 te
582 2223 796 2296 impetraturum
811 2220 823 2280 l
841 2225 941 2298 quanti
961 2224 986 2281 is
999 2242 1018 2279 a
1030 2223 1104 2281 eivi-

239 2323 292 2380 bus
315 2321 374 2378 suis
387 2323 478 2388 lieret,
492 2321 590 2394 quanti
603 2321 760 2378 auotoritas
774 2321 834 2393 ejus
849 2322 1011 2388 haberetur,
1024 2321 1105 2394 igno·

238 2417 344 2476 rabas?
364 2420 474 2482 Verum
490 2419 535 2474 lae
549 2423 577 2474 te
592 2418 808 2490 impetravisse:
829 2418 875 2475 lae
888 2419 996 2492 aliquid
1010 2417 1106 2491 gravi·

238 2534 273 2574 us
282 2517 312 2574 in
324 2517 430 2588 Hejum
439 2517 572 2574 statuisse
582 2516 788 2580 Mamertinos:
803 2522 937 2589 quautam
947 2522 1029 2590 putas
1037 2532 1105 2573 aue·

238 2615 383 2674 toritatem
394 2615 567 2672 laudationis
581 2625 679 2670 eorum
697 2598 829 2680 suturam,
843 2615 913 2672 siin
927 2631 1105 2689 samonem

237 2719 351 2772 oonstet
366 2731 466 2770 verum
480 2731 532 2786 pro
542 2711 707 2770 testimonio
728 2712 846 2779 dixisse,
861 2729 983 2784 {menam
995 2711 1105 2771 eonsti—

235 2810 367 2878 tuerint?
393 2813 526 2868 Tametsi
538 2829 609 2886 quae
621 2811 728 2866 estista
742 2810 878 2877 laudatio,
891 2827 957 2868 eum
972 2812 1105 2880 laudator

237 2909 427 2981 interrogatus
441 2911 536 2966 laedat
550 2926 669 2964 neeesse
680 2905 744 2964 est?
759 2905 857 2979 Quid?
877 2908 925 2964 isti
940 2910 1105 2966 laudatores

236 3005 290 3073 tui,
303 3023 399 3062 nonne
408 3011 495 3062 testes
507 3006 565 3064 mei
578 3003 666 3062 suntl
689 3007 780 3078 llejus
790 3012 834 3062 est
846 3007 994 3064 laudator:
1016 3005 1105 3064 laesit

267 3157 289 3190 ¹⁸
300 3161 387 3214 penales
395 3172 409 3201 u
418 3162 438 3202 te
444 3157 547 3218 paterna]
578 3156 628 3204 Hor
643 3163 703 3205 certe
712 3157 815 3205 vitiosum
824 3164 864 3204 est.
896 3157 1005 3206 Graevius
1021 3159 1108 3221 probat

236 3216 367 3280 ¹seripturam
385 3217 432 3264 Ms.
444 3217 482 3262 Fr.
491 3220 579 3272 pamas
596 3221 660 3276 dous
677 3219 765 3274 patrios,
786 3219 822 3263 vel
835 3221 921 3274 penates
937 3223 956 3263 te
975 3223 996 3263 et
1012 3219 1106 3275 palmus.

238 3275 303 3322 Haec
317 3281 366 3322 sunt
376 3280 529 3322 porrectorum.
543 3280 631 3332 penates
636 3277 707 3332 patrii
721 3293 765 3323 non
773 3277 881 3332 dicuutur,
893 3291 932 3320 uer
940 3283 1027 3332 penates
1037 3282 1057 3322 el
1062 3291 1106 3332 pa·

236 3335 286 3388 aaa,
295 3335 333 3380 sed
348 3339 462 3390 parauisset
477 3335 511 3380 dii
523 3335 600 3390 point.
631 3335 656 3380 lu
665 3337 715 3382 edd.
728 3351 761 3396 pr.
778 3336 843 3381 Med.
855 3337 889 3380 est
903 3339 991 3390 perantes
1000 3351 1013 3380 u
1022 3340 1042 3381 te
1055 3333 1108 3392 pri-

237 3406 300 3438 mos:
314 3395 372 3452 qaod
383 3394 494 3448 inputatur
508 3393 735 3441 mutavitAseensius.
768 3394 814 3441 Ms.
826 3393 870 3440 Gu.
881 3409 903 3449 p.
914 3395 1031 3450 tepula-ios.
1064 3393 1108 3439 Ci-

237 3461 289 3494 cero
299 3451 391 3510 scripsit,
400 3455 425 3498 ut
434 3451 520 3509 opinor,
526 3456 612 3506 penates
618 3452 726 3506 priuatos:
742 3457 792 3498 sunt
801 3453 859 3497 enlm
864 3457 952 3507 parntes
960 3452 999 3497 alii
1006 3451 1106 3509 putata,

237 3507 375 3562 aliipriouta'.
387 3523 407 3553 v.
419 3509 483 3553 Clas.
516 3509 541 3553 ld
551 3509 573 3554 h.
585 3510 601 3554 l.
616 3509 679 3556 addit
696 3511 781 3572 aptein
795 3511 863 3568 liejo,
872 3511 924 3570 quia
942 3517 996 3558 ante
1005 3511 1104 3566 disent,

236 3565 342 3622 mandra
357 3567 386 3612 ad
396 3581 435 3613 vos
444 3566 547 3623 malugit.
