2486 4212
409 309 480 358 AC'l'.
496 311 526 360 ll.
542 308 639 360 moult
653 309 813 364 QUARTUS·
975 315 1033 374 169

168 458 270 514 tsmon
291 459 353 516 tum
372 473 414 526 ss,
426 457 459 516 in
479 458 531 516 illo
543 464 694 518 conventu
707 457 819 518 nivium
829 455 1036 523 Romanorum,

169 554 250 622 dors,
263 555 492 626 nonusnullum,
502 575 673 616 oonsoomre
682 557 753 615 lovi
764 557 882 630 Optimo
892 555 1036 650 Maximo,

171 653 331 728 testemque
343 655 437 728 ipsum
450 657 557 714 lovem
570 673 640 714 suos
659 655 818 714 voluntatis
832 671 868 712 no
887 653 1035 729 religionis

169 751 315 810 mnibono.
356 753 439 826 Quae
452 752 537 814 vox?
555 772 630 830 quus
642 751 755 812 latomi
773 769 847 828 quse
860 753 937 810 vires
952 752 1035 826 hujus
1045 773 1087 835 30

168 851 251 910 unius
265 852 395 912 oriminis
417 854 626 927 querimonlom
654 851 767 927 possint
785 847 948 910 sustinere?
968 851 1036 908 Rex

170 950 346 1016 Antiochus,
359 952 409 1024 qni
422 951 535 1008 Romae
548 957 617 1008 nuto
637 953 737 1009 oeulos
749 950 878 1008 omnium
905 947 1035 1006 nostrinm

168 1047 320 1105 biennium
344 1048 403 1104 lore
417 1047 555 1106 nomitnlu
568 1049 649 1122 regio
658 1054 742 1124 atque
756 1054 858 1106 ornatu
871 1047 986 1104 luisset:
1008 1046 1034 1104 is

169 1163 238 1204 oum
251 1147 361 1204 ominus
374 1151 404 1204 et
417 1147 512 1206 sosius
522 1149 621 1220 populi
629 1149 754 1205 Romani
763 1153 849 1216 esset,
857 1146 1035 1205 amicissimo

170 1249 263 1319 putre,
284 1261 352 1312 nvo,
379 1245 542 1318 mqionibns,
568 1243 774 1318 antiquissimis
805 1249 836 1302 et
868 1243 1034 1302 clarissimis

168 1343 292 1418 regibus,
316 1343 534 1416 opulentissimo
564 1347 596 1400 ot
626 1342 755 1400 maximo
775 1359 874 1416 regno,
897 1359 1035 1416 praeceps

166 1441 320 1516 provincio
341 1442 441 1516 populi
465 1442 591 1499 Romani
614 1443 781 1499 extmbstus
796 1445 850 1498 est
891 1441 1035 1512 Quemad-

164 1542 283 1598 modum
296 1542 352 1598 hoo
365 1546 534 1614 aoosptnms
547 1539 681 1598 notiones
694 1543 810 1598 exterus
824 1559 832 1594 ι
852 1541 1035 1612 quemadmo-

165 1639 237 1695 tlnm
249 1639 334 1711 hujus
348 1639 390 1696 tui
403 1639 474 1696 laeti
487 1639 593 1696 lamam
606 1639 638 1696 in
648 1655 736 1712 regnu
750 1637 871 1695 oliorum
891 1642 977 1710 atque
1000 1635 1033 1695 in

168 1735 285 1794 ultimas
297 1741 387 1792 temus
400 1741 603 1808 perventuram
615 1737 731 1808 putasti,
752 1753 819 1792 num
840 1735 991 1801 audierint,
1015 1751 1033 1791 u

169 1839 301 1908 praetore
315 1834 415 1907 populi
427 1834 553 1891 Romani
563 1834 595 1890 in
609 1833 761 1906 provincis
774 1833 914 1890 violatum
926 1849 1033 1906 regem,

165 1931 321 2006 spoliatum
335 1932 487 2006 hospitem,
501 1933 626 2006 ejectum
650 1932 760 1990 sosium
784 1930 883 2005 populi
907 1929 1033 1988 Romani

162 2035 252 2106 utque
265 2029 411 2089 amioum?
431 2031 548 2089 Nomen
567 2035 703 2098 vestnnn,
723 2029 875 2105 populique
895 2029 1031 2100 Romam,

162 2129 233 2187 odio
251 2135 337 2206 utque
351 2129 504 2188 acerbitati
517 2129 622 2188 scitote
635 2130 800 2187 nationibus
817 2129 936 2196 exteris,
953 2128 1031 2202 judi·

164 2243 224 2294 oss,
245 2229 377 2296 loturum,
401 2229 427 2286 si
448 2228 531 2285 istius
551 2229 625 2286 huso
647 2232 728 2284 tantu
750 2227 855 2301 injurio
888 2227 1032 2300 impunito

163 2325 338 2384 disomsorit.
360 2325 403 2384 sio
416 2343 517 2384 omnes
539 2325 758 2393 arbitrabuntur,
771 2325 940 2399 praesertim
963 2341 1031 2383 cum

166 2423 240 2481 hneo
253 2424 371 2482 omnino
383 2426 460 2482 loma
472 2426 509 2482 do
523 2429 680 2482 nostromm
694 2424 845 2482 hominum
862 2423 986 2482 uvnritiu
999 2426 1032 2481 ot

165 2521 323 2595 cupiditate
337 2524 540 2596 pemmonem,
550 2540 609 2580 non
621 2523 705 2581 istius
718 2523 806 2580 solius
819 2524 875 2580 hoo
885 2539 951 2580 ssss
961 2521 1030 2580 luni·

163 2637 226 2688 nus,
245 2622 297 2678 sed
314 2619 335 2654 ⁸³
345 2639 443 2680 eorum
456 2621 555 2687 etium,
566 2621 615 2694 qni
624 2620 817 2692 approbarint.
839 2619 927 2677 Multi
937 2636 1029 2693 neges,

163 2721 272 2776 multus
298 2719 407 2776 liberae
433 2719 580 2786 olvitutss,
606 2716 690 2775 multi
713 2715 820 2790 priuati
837 2716 966 2789 opulenti
992 2733 1028 2775 so

163 2822 298 2890 potentes
321 2817 430 2874 hubent
455 2815 582 2888 pmleuto
602 2815 634 2874 in
658 2815 756 2873 animo
780 2813 955 2889 Capitolium
983 2816 1027 2875 sie

162 2929 276 2982 ornare,
289 2919 321 2972 ut
341 2912 441 2988 templi
459 2914 593 2990 dignitus,
615 2914 784 2992 imperiique
808 2915 898 2973 nostri
920 2931 1026 2974 nomen

123 3001 126 3008 ’
160 3013 323 3072 desident:
342 3011 648 3088 quisiintollsxerint,
670 3015 833 3073 interverso
853 3015 945 3090 rogali
968 3017 1025 3073 ltoo

160 3112 246 3180 dono,
260 3114 389 3186 graviter
402 3130 455 3170 vos
469 3112 582 3170 tulisse:
602 3117 683 3188 grau
696 3114 755 3171 loro
769 3113 854 3172 vobis
863 3114 1025 3186 populoque

162 3209 294 3268 Romano
314 3229 367 3269 sun
387 3211 482 3270 studio
503 3227 539 3269 no
562 3212 639 3268 donn
659 3211 878 3268 urbitrnbnntur.
903 3208 954 3265 sin
967 3210 1024 3266 hoo

160 3324 213 3366 vos
226 3308 259 3366 in
272 3326 339 3384 rego
353 3313 413 3368 tum
425 3308 527 3378 nobili,
546 3307 578 3366 in
601 3325 632 3366 re
655 3312 716 3366 tom
736 3305 855 3374 eximio,
867 3305 899 3364 in
920 3305 1025 3381 injuris

189 3674 261 3718 von.
275 3675 305 3716 s.
571 3661 608 3718 1⁵
