2438 4206
255 311 297 376 ω
581 307 616 358 m
630 304 775 360 mneos

254 452 431 530 cognoscite.
459 453 784 521 ,Recitotesiimouium
795 453 999 514 Aetnensium.
1013 467 1106 510 uusrr·
1199 447 1200 522 ξ

201 553 242 613 45
254 571 377 612 ιιοιιιιιιι
396 571 606 612 surunnsruu.
632 552 725 626 ¹Quid
738 550 805 612 uis?
836 551 895 620 dic,
921 551 980 619 dic,
1000 566 1106 626 quseso,

252 651 367 721 clarius,
380 657 413 710 ut
431 655 551 727 populus
573 652 719 710 Romanus
732 653 770 710 de
790 651 848 708 suis
862 649 1107 724 vectigalibusde
1199 643 1200 656 ¹

252 750 312 809 suis
331 751 498 819 aratoribus,
521 752 558 808 de
580 750 639 808 suis
660 749 747 808 sociis
771 754 856 822 utque
878 748 981 819 amicis
1004 749 1104 806 audiet.

252 850 289 908 L.
304 867 483 918 srumrrnuu,
497 867 526 907 u.
540 865 591 906 rs-s
605 866 725 906 urnnrs.
768 848 825 906 Per
837 848 907 904 deos
918 846 1104 906 immortales!

251 963 325 1005 unus
345 963 413 1020 eger
435 963 493 1006 uno
516 963 594 1004 enno
618 964 671 1003 cco
691 945 785 1004 millio
807 941 935 1002 modium
955 942 1060 1014 tritici;
1078 948 1107 1002 et

251 1049 402 1118 praeterea
425 1043 488 1102 H·S
503 1061 523 1102 n
536 1043 638 1113 millis,
659 1043 733 1102 lucri
746 1045 797 1101 det
810 1039 965 1115 Apronio?
992 1047 1106 1100 teutone

250 1141 370 1202 minoris
383 1143 523 1200 decumae
547 1141 711 1210 venierunt,
723 1157 809 1218 ipram
821 1141 953 1198 inerunt:
984 1157 1032 1210 en,
1044 1157 1107 1200 oum
1147 1195 1150 1202 .

248 1241 321 1298 setis
334 1258 440 1316 magno
447 1239 612 1309 uenissent,
632 1239 681 1298 bic
695 1244 791 1298 tentus
805 1244 903 1298 tumen
917 1239 1052 1299 immenti
1062 1257 1109 1315 pe·

249 1339 410 1415 cuniceque
424 1356 557 1398 numerus
567 1341 605 1397 ob
617 1339 774 1396 aratoribus
782 1355 835 1412 per
847 1338 908 1396 vim
922 1339 1033 1396 ablutus
1047 1335 1109 1398 esti

250 1442 345 1496 utrum
354 1438 433 1495 enim
446 1439 547 1495 burrum
559 1437 679 1504 dixeris,
691 1435 723 1494 in
734 1453 771 1494 eo
783 1437 870 1509 culpe
880 1439 910 1494 et
923 1436 1034 1495 crimen
1045 1439 1110 1496 hee·

250 1535 334 1592 nebit
375 1535 454 1591 Nem
475 1535 547 1593 illud
568 1535 685 1610 quidem
705 1551 765 1592 non
790 1533 881 1602 dices,
904 1536 979 1616 quod
1002 1535 1111 1594 utinum

249 1632 340 1700 dices,
353 1632 391 1689 od
406 1632 567 1705 Apronium
590 1649 650 1691 non
673 1631 842 1707 pervenisse
862 1635 983 1692 tuntum.
1022 1634 1109 1692 ltute

250 1748 310 1790 non
324 1732 409 1788 modo
421 1730 545 1806 publicis
555 1731 670 1799 tenebo,
678 1733 729 1788 sed
740 1730 828 1789 etism
838 1729 958 1804 privetis
969 1735 1109 1790 erutorum

250 1829 432 1906 pactionibus
446 1845 481 1886 ec
500 1829 621 1886 litteris:
645 1834 677 1886 ut
690 1828 846 1904 intelliges,
858 1847 918 1888 uon
940 1833 970 1886 te
990 1829 1111 1906 diligen·

185 1955 190 1968 ·
250 1927 353 1984 tiorern
372 1927 404 1984 in
417 1925 557 1984 iaciendis
571 1925 654 1984 furtis
675 1926 772 1994 inisse,
785 1943 871 2002 quum
893 1943 941 1984 me
960 1925 992 1984 in
1014 1929 1111 2002 depre-

251 2021 421 2080 hendendis.
460 2021 545 2079 ¹Hoc
559 2026 588 2078 tu
603 2020 698 2080 teres?
722 2023 779 2080 hoc
792 2025 940 2100 quisquam
949 2023 1113 2084 desendet?

250 2119 307 2176 boc
320 2119 360 2187 hi,
373 2119 399 2176 si
410 2119 494 2176 aliter
506 2120 544 2176 de
557 2123 587 2177 te
601 2123 726 2178 statuere
739 2121 892 2190 voluerint,
906 2118 1113 2182 sustinebunt?

250 2216 320 2275 Uno
340 2218 478 2286 adventu,
498 2236 537 2276 ex
563 2235 621 2277 uno
644 2234 721 2293 egro,
745 2219 783 2288 Q.
806 2219 977 2295 Apronium,
998 2227 1114 2296 prester

250 2332 325 2384 eam,
335 2332 421 2389 quem
430 2315 503 2385 dixi,
513 2317 666 2388 pecuniam
679 2322 867 2387 numeratam,
881 2337 935 2376 oco
949 2318 1043 2378 millio
1053 2337 1114 2378 mo·

248 2410 329 2471 oium
354 2411 445 2470 tritici
470 2413 544 2470 lucri
570 2413 688 2472 nornine
711 2413 886 2474 sustulisse?
919 2413 1021 2488 Quid?
1055 2419 1115 2476 hoo

248 2510 416 2569 Aetnenses
440 2509 495 2568 soli
508 2507 629 2568 dicunt?
649 2509 738 2568 immo
750 2513 840 2571 etism
854 2513 1048 2590 Centuripini,
1062 2516 1116 2592 qui

248 2608 311 2683 egri
334 2607 492 2668 Aetnensis
506 2610 597 2668 multo
620 2608 776 2668 maximam
803 2617 913 2686 portem
942 2613 1115 2686 possident:

247 2723 366 2783 quorum
389 2707 502 2784 tegetis,
515 2707 678 2767 hominibus
702 2707 897 2779 nobilissimis,
922 2711 1058 2770 Androni
1084 2717 1117 2770 et

246 2805 432 2874 Arthemoni,
445 2810 561 2884 senetus
588 2823 623 2864 ee
643 2808 780 2866 mandute
798 2807 887 2876 dedit,
907 2825 979 2882 quse
993 2809 1116 2884 publice

245 2899 285 2958 ud
295 2899 447 2956 civitatem
461 2902 586 2971 ipsorum
597 2903 789 2974 pertinebant,
802 2907 839 2964 de
858 2905 894 2962 iis
907 2905 1029 2978 injuriis,
1041 2923 1117 2982 quas

246 2995 330 3053 cives
345 2993 527 3066 Centuripini
540 3012 598 3052 non
612 2997 643 3054 in
657 2999 724 3066 suis,
742 2999 839 3057 sedin
860 3000 981 3058 eliorum
1004 3005 1119 3062 tinibus

246 3095 430 3166 acceperunt,
443 3093 560 3147 senatus
580 3096 611 3149 et
620 3097 740 3167 populus
755 3096 960 3173 Centuripinus
979 3099 1121 3178 'legatos

275 3266 285 3300 ¹
304 3265 354 3312 Hoc
364 3264 491 3336 tofercsil
512 3265 544 3337 ita
553 3266 644 3328 dictum,
654 3270 744 3319 utaiibi
763 3271 871 3321 cesses
889 3274 986 3324 crisen:
1005 3274 1023 3322 i.
1036 3290 1057 3323 e.
1072 3277 1124 3324 hoe

245 3327 271 3372 tu
279 3325 383 3372 refellere
390 3329 415 3370 et
423 3338 451 3371 eo
460 3339 551 3374 cnmrne
560 3330 583 3373 te
591 3343 686 3390 purgare
694 3330 796 3391 poterisi‘

273 3402 287 3435 ⁸
304 3402 465 3473 tegobsmtuit
472 3405 578 3478 mitterel
595 3408 741 3479 ‘At-quisuis
754 3409 810 3456 dixit
819 3409 914 3458 misine:
933 3425 1011 3474 nempe
1026 3427 1080 3460 non
1098 3413 1126 3460 i·

243 3466 453 3580 ἷζοιρίιιέὲνὶιὲινιὲ
453 3475 530 3569 compre
539 3468 563 3512 et
571 3479 654 3524 ιωιιιιιι
663 3482 686 3518 er
693 3467 765 3530 tectis,
774 3468 890 3528 seddeiis,
899 3483 952 3532 ques
961 3470 1127 3534 insliisegsis
