2418 4208
220 313 286 382 Μ
555 301 591 356 m
603 295 747 354 VERREM
819 317 821 320 ·

220 459 376 522 Audemus
388 453 516 516 hostium
535 451 637 528 spolie,
649 454 680 508 et
698 443 825 522 proemio
842 441 939 502 laudis
960 453 1088 502 commo

218 557 339 618 uicerit.
354 560 385 614 at
404 571 482 614 nunc
508 570 559 628 per
571 567 618 610 me
630 546 757 622 spoliati,
770 561 847 602 neve
860 559 880 600 c
891 541 1086 615 praedonibus

217 658 352 724 obducta,
365 654 423 730 ipsi
446 653 479 712 in
500 649 627 708 hostiurn
650 661 769 704 numero
787 645 910 716 locoque
928 639 1086 698 ducemini.

218 755 298 827 Quid
311 749 402 812 vero?
432 751 484 812 illu
497 751 720 823 Segestanorum
731 757 789 798 non
804 741 897 796 solum
911 737 1015 795 litteris
1029 743 1085 794 trs·

215 853 289 922 dits,
303 869 396 926 noque
418 849 639 908 commemor-stc
652 839 759 908 verbis,
783 839 836 894 sed
861 835 957 895 multis
977 835 1085 892 officiis

217 952 332 1010 illorum
346 951 478 1022 usurpate
491 951 521 1002 et
534 942 719 1016 comprobate
729 936 875 1011 cognatio,
885 953 955 1010 quos
965 935 1085 992 tandem

217 1049 324 1108 imctus
338 1047 457 1120 hujusce
469 1037 693 1102 necessitudinis
711 1035 742 1094 in
759 1035 841 1092 istius
861 1033 984 1107 imperio
997 1027 1084 1090 tulit?

217 1145 332 1218 Nempe
353 1144 409 1200 hoc
429 1140 484 1198 init
497 1140 573 1213 jure,
587 1136 713 1211 judices,
726 1139 759 1190 ut
771 1151 809 1192 ex
823 1131 888 1188 sinu
902 1130 993 1204 petris
1007 1130 1084 1187 nobi·

216 1242 341 1305 tissimus
364 1241 543 1305 adolescens,
567 1240 597 1292 et
624 1253 641 1292 e
668 1233 821 1306 complexu
848 1228 948 1288 matris
972 1232 1084 1304 ereptus

218 1341 361 1400 innocens
374 1338 459 1404 filius,
473 1335 556 1394 istius
573 1331 703 1392 carnifici
717 1329 814 1387 Sestio
827 1329 988 1384 dederetur.
1029 1327 1083 1385 Oui

177 1438 336 1530 {civitati
349 1437 471 1510 mnjores
484 1432 574 1491 nostri
588 1430 729 1489 maximos
751 1425 833 1502 egros
856 1430 943 1500 etque
961 1425 1084 1501 optimos

218 1538 439 1594 concesserunt:
458 1548 544 1604 quam
562 1530 719 1586 immunem
739 1543 804 1583 esse
822 1526 992 1581 voluerunt:
1013 1525 1084 1582 hoec

218 1635 301 1690 tantu
321 1631 396 1702 apud
417 1634 446 1686 te
466 1625 657 1700 cognationis,
674 1623 832 1690 fidelitatis,
846 1619 1001 1679 vetustatis
1023 1639 1086 1680 auc·

218 1728 345 1796 toritate,
356 1746 394 1784 ne
408 1727 464 1784 hcc
478 1725 594 1800 quidem
602 1723 676 1796 juris
691 1720 826 1787 obtinuit,
839 1724 871 1776 ut
883 1718 970 1776 unius
983 1720 1086 1777 hones-

219 1825 325 1886 tissimi
347 1830 433 1898 atque
457 1819 690 1880 innocentissimi
703 1819 780 1874 civis
794 1821 915 1873 mortem
929 1821 961 1872 et
974 1817 1085 1891 sangui·

167 1903 289 1982 ⁴8nem
314 1924 524 1995 deprecaretur.
577 1915 643 1986 Quo
669 1913 839 1986 confugient
870 1911 970 1971 socii?
1003 1931 1087 1988 quens

219 2015 437 2092 implorabunt?
456 2031 512 2088 quc
525 2031 576 2085 spe
590 2011 724 2084 denique,
736 2015 768 2067 ut
777 2010 880 2067 vivere
891 2011 996 2079 velint,
1008 2018 1086 2070 tene·

219 2118 333 2178 buntur,
347 2111 371 2168 ei
385 2128 438 2167 vos
452 2127 501 2165 eos
515 2104 670 2164 deseritis?
689 2105 709 2138 ⁴⁴
720 2108 756 2164 ed
770 2112 904 2166 senatum
916 2109 1088 2179 devenient,

220 2211 319 2290 quide
333 2209 426 2265 Verre
450 2204 623 2279 supplicium
647 2201 761 2262 sumet?
788 2223 849 2264 non
873 2211 917 2262 est
936 2205 1089 2276 usitatum,

219 2327 279 2370 non
303 2305 486 2368 senatorium.
511 2305 549 2362 ad
570 2305 706 2377 populum
720 2303 883 2362 Romanum
897 2303 1087 2378 confugient?

219 2406 314 2466 iucilis
334 2411 379 2464 est
399 2419 487 2462 causo
510 2401 617 2476 populi.
636 2399 762 2476 ⁴⁵legem
788 2401 867 2460 enim
888 2420 923 2458 se
944 2403 1089 2464 sociorum

220 2521 307 2563 causa
323 2501 453 2578 jussisse,
473 2504 503 2557 et
527 2517 580 2555 vos
606 2499 634 2556 ei
655 2500 715 2574 legi
738 2501 871 2558 custodes
893 2517 930 2558 nc
952 2501 1087 2561 vindices

218 2599 417 2681 praeposuisse
437 2597 525 2656 dicet.
566 2595 626 2656 Hic
649 2600 730 2657 locus
753 2604 798 2657 est
821 2599 911 2673 igitur
931 2619 1016 2669 unus,
1029 2619 1084 2677 quc

249 2758 272 2792 ⁴⁴
286 2757 430 2804 adsecutum
444 2753 585 2816 muscenti]
614 2753 691 2804 Facile
705 2757 740 2801 est
754 2754 864 2812 corrigere
877 2756 974 2814 coedent,
984 2760 1009 2802 ot
1017 2757 1087 2804 secem

220 2818 303 2878 plures,
314 2817 373 2877 quod
382 2821 405 2860 et
418 2815 440 2860 in
451 2815 509 2860 Mss.
521 2815 578 2874 Reg.
590 2813 632 2860 Gu.
644 2818 684 2860 est.
709 2814 752 2860 Sed
762 2813 876 2863 mumma
883 2814 941 2862 bene
949 2815 1028 2862 habet.
1040 2829 1087 2862 nem

185 2896 190 2907 ·
220 2873 324 2920 devenire
334 2879 394 2919 reete
403 2872 484 2918 dieitur
496 2871 525 2917 de
538 2871 572 2928 iis,
582 2886 626 2932 quo
643 2871 719 2933 aliquo
727 2871 825 2926 veniunt,
835 2873 930 2932 perfugii
947 2887 1032 2930 esum,
1042 2889 1090 2935 sup

217 2931 316 3032 {Eoeflffi
323 2944 408 3031 {sensisse
419 2936 461 2976 etc.
473 2931 532 3030 quoii
542 2931 564 2976 h.
577 2931 593 2976 l.
603 2929 659 2976 bene
668 2931 779 3000 convenit.
805 2931 918 3034 Exemgiis
928 2932 998 3002 etism
1008 2932 1088 2980 inerim

218 3001 340 3102 fluunqrurisd
350 2989 1087 3112 ut,egsumlgcagsnsffrckpzomssseztffibpieffiefflanimle!-

217 3102 297 3158 iorms,
307 3115 371 3162 quem
389 3113 438 3146 uam
450 3099 505 3146 snas
515 3099 610 3158 elegans,
621 3109 674 3162 apta
690 3104 741 3150 huic
757 3105 814 3151 icco.
845 3105 949 3168 Denique
960 3123 1001 3154 nec
1011 3112 1091 3156 metu·

218 3173 272 3207 rum
282 3175 309 3206 ex
323 3159 364 3206 illo
404 3175 420 3205 s.
433 3173 481 3205 cum
491 3159 589 3206 Graevic
603 3159 756 3224 probandum
772 3163 833 3212 tollit
846 3165 904 3212 enim
920 3165 1085 3214 nmilimdnen

217 3219 338 3280 omtionis3
353 3231 483 3282 quamquam
499 3225 523 3264 et
532 3217 575 3266 Gu.
587 3219 661 3266 habet

247 3297 354 3366 “tegern
364 3297 514 3368 minusue]
547 3296 630 3368 pudici
640 3313 688 3344 eum
705 3297 803 3347 Graevio
816 3315 845 3359 se,
855 3316 869 3347 e
880 3301 928 3350 Me.
940 3303 998 3362 Reg.
1010 3301 1084 3350 citio,

219 3352 352 3424 suspicabar
361 3357 466 3426 exordisse
480 3362 530 3419 post
540 3357 639 3416 succisso,
651 3361 676 3402 ut
693 3373 760 3419 saepe
775 3360 830 3406 elias
845 3360 976 3422 absorptum
991 3377 1005 3408 s
1023 3359 1087 3408 finali.

219 3411 269 3517 {gir
269 3411 355 3519 elme
356 3421 430 3518 potrus
440 3422 525 3466 secutus
542 3431 603 3465 sum:
619 3416 642 3463 in
652 3417 730 3478 quibus
739 3421 814 3466 tamen
829 3419 923 3466 fumasse
932 3424 956 3467 et
971 3420 1025 3484 ipsis
1034 3423 1066 3468 est
1075 3431 1091 3464 ι
