2460 4200
395 315 467 368 avr.
482 316 512 366 11.
527 312 785 375 mumma.
979 319 1019 382 41
1218 267 1219 330 ³

157 467 194 526 in
217 467 412 542 quadnrplum.
452 465 500 524 Ex
521 463 717 540 quojudicum
738 457 882 520 numero?
907 459 957 520 Ex
975 479 1025 524 eo·

163 567 246 623 horte
269 563 407 640 praetoris
426 566 575 638 praeclara
587 563 738 620 bominum
750 561 1023 620 honestissimorum.

166 663 242 735 Quid
254 659 398 737 amptius?
417 662 512 720 minus
525 661 694 734 tejugerum
704 659 859 734 professum
868 660 1024 718 essedico:

163 759 405 834 ⁵8recuperatores
426 759 524 832 rejice,
545 759 621 834 quod
639 759 793 816 adversum
811 757 937 816 edictum
950 759 1026 816 iece-

163 857 210 918 ris.
251 859 299 916 Ex
313 876 370 934 qno
383 855 522 916 numero?
542 874 580 916 ex
594 857 698 914 eadem
710 858 839 914 cohorte.
880 856 958 928 Quid
970 855 1027 914 erit

160 955 341 1016 extremum?
363 957 397 1016 Si
408 959 562 1014 damnatus
574 956 641 1025 eris,
662 952 745 1030 (nam
755 954 897 1012 dubitatio
909 957 1029 1014 damno

162 1054 260 1122 tionis,
273 1054 333 1112 iilis
343 1054 599 1128 recuperatoribus,
611 1071 685 1130 quae
697 1058 811 1128 poterat
823 1071 888 1110 esse
899 1050 1027 1130 ?)virgie
1118 1115 1126 1134 ,
1221 1099 1222 1110 ,

162 1156 193 1208 te
207 1153 244 1208 ad
258 1167 361 1208 nseem
374 1152 458 1208 caedi
471 1169 591 1210 necesse
603 1151 668 1210 erit.
698 1152 753 1210 His
766 1152 886 1226 tegibus,
899 1151 945 1208 bis
957 1169 1026 1210 cou-

164 1247 332 1316 ditionibus,
356 1248 411 1306 erit
434 1249 582 1323 quisquam
603 1253 663 1306 tam
682 1251 795 1318 stultus,
817 1250 868 1322 qui
888 1250 1029 1308 decumas

163 1345 282 1402 venisse
296 1344 469 1404 arbitretur?
492 1346 541 1422 qui
554 1346 660 1404 aratori
673 1363 781 1402 novem
793 1351 888 1419 partes
902 1348 1027 1421 retiquae

161 1443 252 1500 iactas
267 1461 332 1500 esse
352 1441 524 1500 existimet?
543 1443 592 1518 qui
614 1459 674 1500 non
698 1442 852 1516 intelligat,
865 1444 952 1500 istum
971 1443 1028 1504 sibi

161 1542 292 1616 quaestui
305 1543 485 1616 praedaeque
498 1541 634 1598 babuisse
656 1542 741 1606 bona,
755 1541 958 1612 possessiones,
973 1542 1028 1598 tor·

160 1643 244 1696 tunas
257 1635 422 1696 aratorum?
441 1636 597 1712 Virgerum
617 1643 696 1694 metu
723 1637 932 1711 Agyrinenses,
949 1639 1027 1715 quod

164 1736 334 1810 imperatum
345 1741 432 1802 esset,
440 1736 566 1792 tacturos
579 1745 614 1790 se
624 1753 688 1791 esse
701 1735 845 1792 dixerunt.
888 1737 1026 1810 Accipite
1035 1741 1079 1804 30

102 1841 104 1846 '
164 1851 253 1902 nunc,
267 1835 334 1908 quid
347 1833 509 1914 imperarit:
528 1838 560 1889 et
571 1830 779 1888 ”dissimulate
790 1833 885 1899 roasi
899 1835 1028 1908 potestis,

164 1949 218 1990 vos
228 1931 402 2006 intelligere,
414 1927 511 2004 ipsum'
521 1935 689 2003 praetorem,
699 1931 774 2003 quod
783 1935 844 1988 tota
855 1931 957 1990 Sicilia
967 1951 1029 2006 per·

162 2031 302 2104 aspexerit,
315 2031 525 2103 redemptorem
537 2029 730 2094 decumarum,
744 2034 830 2104 atque
853 2030 927 2088 adeo
938 2028 1029 2090 “ara

161 2128 273 2187 tionum
295 2127 443 2186 dominum
457 2143 492 2184 ae
513 2143 611 2200 regem
632 2125 729 2184 tuisse.
771 2127 896 2200 Imperat
920 2129 1028 2204 Agyri·

163 2227 309 2293 sensibus,
319 2232 351 2283 ut
362 2226 498 2282 decumae
512 2224 569 2296 ipsi
581 2223 696 2296 publice
709 2223 873 2296 accipiant:
896 2228 1027 2298 Apronio

162 2324 274 2382 lucrum
295 2324 386 2380 dente
417 2321 452 2379 Si
472 2337 578 2394 magno
598 2325 717 2386 emerat,
732 2321 867 2406 quoniam
880 2328 910 2380 tu
923 2341 965 2390 es,
977 2325 1030 2408 qut

162 2420 384 2494 diligentissime
405 2419 527 2492 pretium
547 2416 714 2492 exquisisti,
733 2416 791 2490 qui,
805 2423 836 2474 nt
856 2419 909 2486 ais,
921 2437 1028 2495 magno

159 2518 336 2576 vendidisti:
356 2534 444 2592 qnare
465 2517 585 2591 putabas
598 2514 719 2588 emptori
734 2518 844 2574 tucrum
864 2518 932 2576 eddi
945 2537 1027 2594 opor-

160 2614 245 2674 terei
265 2617 355 2674 Esto:
376 2615 505 2688 putabas.
525 2616 709 2688 quamobrem
719 2613 889 2686 imperabas,
898 2626 931 2674 ut
941 2618 1027 2676 addo

161 2711 249 2772 rent?
270 2714 348 2785 Quid
369 2717 415 2770 est
431 2712 518 2777 aliud,
532 2729 636 2784 capere
660 2717 689 2768 et
709 2712 866 2770 conciliare
880 2716 1027 2788 pecunias,

162 2810 195 2870 iu
209 2828 265 2886 quo
278 2816 308 2867 tc
321 2812 371 2867 lex
385 2813 476 2876 tenet,
488 2808 515 2864 si
534 2809 590 2865 boc
613 2826 673 2866 non
694 2814 748 2878 est,
762 2809 794 2866 vi
807 2815 892 2886 atque
905 2812 1027 2885 imperio

189 2962 212 2997 Β
225 2966 385 3019 reciperatores
393 2961 478 3023 rejice]
507 2962 560 3010 Non
569 2961 671 3024 capiebat
681 2963 722 3009 bec
730 2960 845 3020 Graevius,
856 2965 1026 3030 corrigebatque

159 3023 231 3128 regstipve
239 3020 408 3126 ’'infflolssdinoi
409 3025 479 3126 :erig
483 3022 624 3126 1¹r¹onvdicuut=
634 3022 705 3079 accipe
713 3021 801 3070 disesia
819 3023 864 3070 Sed
872 3025 939 3083 rejice
948 3041 1027 3077 verum

187 3157 211 3192 θ’
224 3114 359 3204 &aarum
375 3115 477 3214 omnip.
495 3159 550 3218 aas]
580 3157 725 3204 Primummr
738 3161 772 3203 est
789 3157 919 3206 delendum:
935 3161 1025 3214 named

158 3215 836 3334 fflmffletempbaeeoscauasrepetitum
850 3233 905 3276 esse,
920 3220 943 3266 b.
962 3220 1026 3269 tiri-

188 3353 209 3386 ⁵⁸
222 3357 337 3400 euenere
345 3352 478 3416 meimet]
508 3351 557 3400 Me.
569 3351 654 3398 Naeuii
663 3351 796 3408 mantua,
807 3353 865 3412 quod
939 3355 957 3402 it
970 3355 1024 3404 iter.

160 3411 293 3516 ml?
303 3412 401 3473 prsd'ert
409 3411 525 3460 Graevius.
542 3410 605 3458 bene
624 3424 675 3456 nam
685 3410 763 3459 melius
772 3412 875 3460 mevenit
884 3427 923 3461 ver
960 3415 1026 3464 bae

195 3566 267 3608 von.
281 3568 311 3608 v.
609 3546 658 3606 d*
