2438 4206
354 319 749 375 acararrauarnarrua
953 325 993 384 39

129 467 274 544 pertinet?
294 469 456 548 Apronium
468 469 580 532 doces?
599 468 691 547 quid?
709 470 742 528 in
754 471 882 528 reatram
893 467 994 527 cohor·

133 571 200 638 tem,
221 573 250 627 te
270 573 479 641 monitore-an
497 588 550 628 aua
569 573 672 644 sponte
692 564 887 643 pervenerat?
908 584 994 635 ouon

134 682 245 734 curcua
260 687 336 728 orus
351 688 413 740 aar,
427 687 558 727 curcua.
600 669 666 741 Qua
684 666 864 742 impudentia
886 664 994 739 putatia

133 781 195 822 eum
207 766 237 824 in
250 767 449 828 dominatione
461 767 559 835 luisse,
572 766 621 842 qui
645 766 677 824 in
695 765 762 841 tuga
775 771 835 823 tam
850 764 996 837 improbae

134 861 193 921 ait?
218 866 270 936 ait,
292 868 392 926 omnia
413 867 540 942 pecrmia
560 864 638 924 effici
660 881 764 939 pocae:
784 865 832 932 da,
845 861 996 937 profunde,

129 977 250 1035 oppone,
258 964 285 1021 ei
297 963 373 1023 velia
384 965 514 1022 vincere.
535 964 604 1022 Non
617 966 674 1021 hoc
688 963 761 1021 mihi
775 967 835 1020 tam
843 962 998 1019 molestum

131 1065 182 1128 eet,
198 1060 332 1133 Apronio
351 1063 472 1120 euadere
487 1061 714 1130 Timarchidem,
733 1077 819 1137 quam
839 1059 916 1135 quod
936 1058 994 1116 hoc

132 1156 210 1215 idem
222 1161 345 1230 patrono
362 1176 415 1215 auo
433 1158 584 1234 praecipit,
602 1177 644 1216 nn
663 1176 869 1217 rosrunauru
890 1151 996 1216 caune

134 1271 269 1313 arnonae
284 1273 416 1314 sonere.
455 1255 551 1314 Verre
570 1256 685 1332 quidam
706 1262 846 1330 praetore,
870 1273 930 1315 non
945 1255 997 1312 Sa·

133 1353 259 1421 cerdote,
273 1371 332 1412 non
346 1354 511 1422 Peducaeo,
525 1371 584 1413 non
598 1355 654 1412 hoc
672 1355 735 1428 ipao
759 1354 889 1412 Metello.
932 1367 997 1410 scra

131 1467 305 1510 urrunnun
329 1469 510 1510 sarmarum
539 1469 626 1511 esau.
667 1453 733 1510 Hoc
757 1469 828 1509 vero
851 1451 918 1508 lerri
933 1451 998 1524 iam

130 1566 188 1607 non
199 1554 305 1623 potest,
318 1549 429 1609 irrideri
442 1551 500 1609 viri
513 1549 625 1625 optimi,
635 1549 672 1609 L.
693 1549 817 1618 Metelli,
836 1547 998 1626 ingenium,

128 1652 160 1705 et
180 1649 331 1707 contemni
353 1667 389 1705 ac
412 1649 557 1723 despicio
577 1649 702 1724 fugitivo
724 1649 924 1709 Timarchide.
966 1665 996 1706 ar

129 1762 297 1802 vacuarum
312 1762 457 1813 ananam,
476 1763 576 1803 cunm
597 1763 796 1804 nunraunnue
821 1762 994 1804 eourrorne.

131 1841 192 1900 Hic
206 1842 396 1900 vehementer
407 1847 483 1902 errat
497 1842 711 1911 Timarchides,
720 1843 769 1917 qui
782 1847 833 1900 aut
844 1842 998 1914 Volteium

128 1940 256 2014 pecunie
277 1939 421 2014 cornrmpi
442 1945 523 2013 putet
546 1957 641 2014 pocae,
661 1945 711 1998 aut
731 1939 886 1998 Metellum
912 1940 998 1998 unius

128 2038 266 2098 arbitratu
284 2057 385 2115 gerere
411 2045 582 2113 praeturam.
603 2040 654 2097 aed
674 2039 782 2098 errarit
800 2037 997 2134 {conjectura

129 2137 306 2198 domestica:
327 2138 395 2213 quia
407 2139 522 2206 multoe,
545 2156 597 2212 per
618 2156 650 2196 ae
674 2143 705 2196 et
727 2157 779 2213 per
795 2131 883 2208 blica,
903 2141 996 2197 multa

129 2237 302 2294 ludibundos
320 2234 504 2294 ⁵²libidinose
515 2237 591 2310 apud
604 2235 728 2294 Verrem
748 2237 879 2294 effecisse
900 2235 995 2306 vidit;

126 2335 165 2392 ad
179 2335 529 2408 omnes,eoadempatere
547 2334 641 2394 aditus
664 2333 861 2392 arbitrabatur.
880 2334 995 2393 laciliua

127 2449 184 2490 vos
205 2432 374 2490 efficiebatis
397 2433 557 2501 ludibundi,
586 2450 659 2509 quae
683 2433 828 2492 volebatis
847 2450 867 2491 a
890 2433 995 2502 Verre,

123 2531 203 2606 quod
225 2533 316 2590 multe
338 2530 400 2604 ejus
422 2533 553 2616 ludorum
571 2531 808 2606 generanoratia.
849 2549 994 2590 mounch-

124 2647 194 2687 uun
208 2647 266 2688 aaa
279 2647 427 2689 cerauno
447 2647 486 2688 ar
507 2646 657 2698 runcano,
671 2648 713 2687 un
726 2647 886 2690 aaaroaus
900 2647 994 2688 nvan-

121 2746 226 2786 rrssn.
268 2729 341 2800 Quia
367 2729 445 2786 istuc
466 2727 598 2801 Apronio
617 2727 800 2796 attribuebat,
815 2745 882 2786 cum
902 2733 994 2786 arato·

122 2843 190 2885 rem
213 2825 340 2898 aliquem
362 2823 530 2883 everterat?
558 2829 607 2882 aut
632 2825 824 2894 Timarchidi,
855 2844 922 2885 cum
954 2828 993 2885 ob

111 2922 323 2998 judicandum,
342 2926 392 2980 aut
413 2923 634 2992 decernendum,
655 2930 705 2982 aut
726 2924 923 2998 imperandum
940 2923 993 2982 ali·

118 3021 203 3098 quid,
230 3025 280 3078 aut
307 3020 517 3092 remittendum,
552 3022 706 3097 pecuniam
729 3021 908 3098 acceperat?
940 3027 991 3082 aut

121 3120 231 3179 Sextio
242 3119 347 3189 lictori,
365 3138 432 3180 cum
454 3122 579 3197 aliquem
600 3122 788 3181 innocentem
809 3122 904 3180 aecuri
927 3141 990 3196 per·

151 3273 173 3309 ⁵¹
189 3273 386 3336 conjacentem]
416 3273 528 3322 Graevius
544 3273 755 3322 domveluteMs.
773 3273 812 3320 Fr.
828 3275 875 3320 dat.
906 3276 940 3321 At
956 3275 988 3322 aie

117 3332 175 3379 edd.
186 3348 221 3401 pr.
236 3334 290 3380 Ald.
302 3333 328 3379 Ρ.
338 3333 440 3391 Manut„
450 3338 493 3380 eta
523 3333 621 3392 Oportet
629 3333 658 3378 ab
667 3332 769 3392 exemplo
776 3331 882 3379 excident
895 3336 988 3393 temere,

116 3391 184 3452 quod
193 3391 233 3437 rlle
242 3391 335 3452 aptabat
344 3393 415 3453 prelo.
446 3391 533 3440 Abesse
542 3391 632 3452 quidem
641 3391 773 3437 calvooensu
781 3405 824 3438 non
831 3395 911 3452 potest.

149 3469 175 3502 ⁵³
190 3469 322 3530 Merme]
339 3470 440 3531 llatpro
449 3469 554 3516 libidine:
566 3468 987 3532 etsiclroeverbumdidnonignoro,
1100 3505 1106 3520 ,

114 3542 144 3574 v.
156 3542 178 3572 e.
191 3527 232 3582 lV,
249 3532 284 3576 39.
301 3530 340 3576 aed
351 3529 458 3576 tamenin
473 3543 501 3575 eo
517 3527 587 3576 verbo
596 3527 633 3574 hic
647 3542 733 3590 semper
742 3529 809 3578 bauai.
840 3530 894 3579 Vidi
903 3537 986 3588 autem,

111 3585 199 3634 abesse
208 3585 237 3632 ah
244 3587 294 3636 edd.
305 3602 340 3648 pr.
350 3587 423 3638 Aldu
432 3587 517 3649 primur
526 3586 595 3634 dedit.

158 3683 236 3728 rou.
255 3681 287 3726 v.
578 3673 596 3726 8
616 3665 635 3704 l
