2428 4212
373 329 444 390 lou.
461 336 491 388 ιι.
519 337 618 389 ursan
631 301 792 393 suenrus.
819 345 827 357 ¹
956 341 1016 406 llll

153 479 254 546 mollis
266 491 297 546 et
310 487 399 547 variis
411 488 523 564 injuriis
537 488 724 546 aonidemntt
745 492 843 546 nmen
861 487 937 546 haee
960 503 1019 547 una

152 603 241 646 eausa
260 588 292 646 iu
315 587 461 662 opinione
474 587 638 646 Siculorum
658 586 810 660 plurimum
829 589 920 658 valet,
933 589 1019 664 quod,

152 685 259 744 Cerere
272 685 391 755 violata,
403 701 505 745 omnes
516 688 613 744 oultus
626 686 790 760 fructusque
800 687 917 747 Cereris
926 687 959 746 in
972 688 1019 746 bis

149 783 223 842 locis
235 783 379 842 interiisse
393 785 574 843 arbitrantur.
616 784 780 843 Medemini
791 785 924 862 religioni
945 787 1018 846 sool·

146 899 237 953 orum,
244 883 379 958 judioess
399 888 572 944 conservate
586 888 723 942 vestram.
742 901 837 960 neque
851 885 931 943 enim
944 886 1018 945 baee

147 985 271 1040 externa
283 982 369 1039 vobis
383 981 495 1056 religio,
508 977 602 1057 nequo
618 983 724 1042 aliena.
744 985 820 1059 quod
837 984 864 1042 si
887 987 973 1053 esset,
990 984 1018 1042 si

147 1079 295 1152 suscipere
316 1097 382 1136 eam
404 1079 540 1137 nolletis:
568 1085 666 1140 tamen
688 1083 721 1140 ln
741 1099 787 1150 eo,
804 1082 855 1158 qui
868 1083 1017 1151 violasset,

146 1179 264 1238 sancire
277 1197 333 1238 vos
353 1183 431 1238 velle
444 1185 599 1254 oporteret.
639 1181 728 1240 Nune
741 1201 813 1240 vero
826 1183 858 1240 ln
871 1181 1017 1242 communi

149 1277 280 1336 omnium
301 1279 432 1353 gentium
455 1279 606 1354 religione,
628 1279 716 1355 inque
745 1281 791 1338 bis
824 1281 923 1350 saeris,
944 1297 1018 1356 quae

146 1375 271 1452 majores
289 1377 381 1434 nostri
404 1379 444 1436 ab
471 1377 581 1435 exteris
604 1377 770 1436 nationibus
797 1378 909 1436 adscita
932 1385 1019 1455 atque

146 1475 286 1533 arcessita
300 1477 469 1534 coluerunt:
490 1491 564 1552 quae
578 1493 671 1546 saera,
683 1481 715 1534 ut
733 1481 816 1534 erant
830 1495 861 1534 re
880 1494 960 1546 vara,
973 1478 1019 1537 slo

147 1573 288 1648 appellari
302 1574 418 1632 Graeca
431 1577 587 1634 voluerunt
599 1595 607 1632 t
627 1575 810 1652 negligentes
829 1593 865 1634 ao
875 1575 1017 1646 dissoluti,

146 1671 173 1730 sl
183 1671 331 1746 cupiamus
344 1691 417 1742 esse,
431 1675 480 1748 qui
494 1691 642 1748 possumus
656 1671 669 1733 l

186 1767 314 1828 ³⁸Unius
336 1771 427 1829 etiam
447 1772 535 1839 urbis,
547 1771 678 1829 omnium
700 1770 912 1845 pulcherrimae
930 1771 1070 1848 atquem

143 1869 354 1937 omatlssimae,
361 1871 570 1944 Syracusarum
577 1869 770 1943 direptionem
777 1871 1018 1939 commemorabo,

143 1965 224 2027 etin
248 1968 375 2028 medium
395 1965 685 2044 proferamjudioes:
709 1976 742 2028 ut
759 1969 914 2046 aliqnando
926 1975 1018 2028 totam

137 2068 229 2166 'hujus
255 2069 369 2144 generis
397 2068 560 2126 orationem
580 2070 754 2127 concludam
775 2085 811 2126 ao
835 2065 1014 2128 ’definiun

144 2167 242 2225 Nemo
265 2167 323 2224 lere
337 2165 467 2225 vestrllm
483 2171 537 2236 est,
555 2165 635 2242 quin,
650 2168 892 2242 quemadmodum
909 2172 1015 2241 oaptae

143 2265 229 2323 sinte
238 2265 282 2322 M.
295 2266 438 2323 Marcello
448 2265 622 2338 Syracusae,
632 2281 719 2340 saepe
730 2265 863 2334 audierit,
875 2283 1015 2323 nonnum·

143 2381 231 2440 quam
245 2363 333 2420 etiam
346 2362 376 2421 iu
388 2362 539 2421 annalibus
550 2359 662 2438 legerit.
676 2361 814 2436 llpnterte
824 2362 901 2420 bauo
913 2379 1016 2437 pacem

143 2480 212 2522 oum
229 2463 281 2520 illo
299 2463 397 2520 bello:
416 2464 501 2537 hujus
516 2441 655 2537 praetoris
670 2432 842 2531 adventum,
853 2478 919 2520 oum
936 2459 1015 2519 illius

143 2561 465 2635 imperatorisvlotoria:
479 2561 564 2634 hujus
572 2562 720 2618 eohortem
730 2561 951 2635 impuramoum
958 2559 1015 2618 illi-

142 2677 176 2718 us
185 2659 317 2718 exercitu
325 2659 451 2730 inviot03
461 2660 546 2734 hujus
554 2658 771 2726 libidines,oum
778 2657 1014 2716 illiusoontinen·

143 2759 198 2816 tis:
213 2761 250 2816 ab
261 2757 322 2826 illo,
332 2758 382 2832 qui
392 2757 480 2831 oepit,
488 2757 639 2815 conditas:
658 2759 695 2813 ab
705 2757 772 2824 boo,
783 2755 832 2831 qui
842 2755 1015 2838 constitutus

143 2854 270 2930 aceepit,
278 2860 378 2929 captas
389 2840 674 2937 dicetisssjraousas.
704 2857 752 2913 Ao
759 2854 824 2928 jam
834 2855 889 2913 illa
900 2853 1013 2923 omitto,

142 2973 218 3032 quae
232 2953 361 3028 disperse
375 2971 393 3012 a
406 2971 453 3012 me
466 2956 563 3012 multis
573 2954 646 3012 loeis
655 2954 789 3013 dicentur
798 2971 833 3011 ao
841 2954 1010 3013 dictasunt:

141 3055 235 3113 lorum
257 3055 512 3128 Syracusanorum,
525 3055 601 3128 quod
622 3053 740 3112 introitu
762 3051 898 3111 Marcelli
911 3068 1011 3126 purum

142 3171 162 3212 ι
174 3155 266 3212 ouede
283 3149 431 3212 'seruatum
451 3158 506 3221 eat,
518 3154 550 3210 id
563 3153 692 3212 adventu
715 3153 818 3210 Verris
846 3151 1010 3210 Siculorum

173 3307 196 3340 ³⁸
212 3307 290 3355 Unius
304 3331 315 3344 -
327 3333 338 3345 ·
353 3307 454 3354 mim
468 3306 635 3366 polanam]
674 3303 830 3356 Hotomanus!
847 3301 939 3354 volebat
956 3302 1009 3352 addi

143 3363 289 3414 θτωωιιιπι
306 3367 373 3413 valde
380 3365 534 3428 probabiliter.
565 3364 643 3412 Sicest
652 3363 721 3410 etlam
730 3362 794 3410 inira.

173 3444 197 3477 ³⁹
209 3443 333 3513 ᾀιῶὼιι]
362 3441 713 3512 Guilielmiusmalebstfius'onu
726 3441 948 3513 emundatam
964 3442 1009 3512 Sed

142 3502 436 3608 mmmmm
451 3503 719 3573 upuidtnmprotluue:
734 3501 1009 3552 utetsbsmslbsloeu·

182 3660 254 3702 vor..
273 3661 304 3702 v.
536 3637 606 3699 ll*
646 3659 655 3684 ι
