2438 4206
231 349 292 408 105
568 343 604 394 rit
618 343 762 396 VERREM
859 291 865 308 ·

227 487 301 549 unt?
321 489 401 549 Ordo
419 495 465 551 est
485 493 631 552 honestus.
674 493 747 567 Quis
768 488 880 568 negat?
899 495 949 550 aut
970 489 1038 566 quiri
1058 505 1094 549 ea

227 603 276 646 res
288 591 326 646 ad
340 592 416 650 haue
441 610 501 650 rem
524 589 675 668 pertinet?
696 591 751 651 Est
772 609 843 650 vero
863 563 1008 658 bonaur,
1022 589 1095 663 quod
1211 607 1212 630 ¹

227 701 327 747 eonan
348 689 498 751 hominurn
519 691 588 750 fidei
610 691 725 749 eburae
749 690 883 764 publicae
910 689 1093 770 periculaque

226 787 443 862 magistratuum
464 791 690 848 committuntur.
731 788 833 864 itaque
856 807 894 846 ex
915 788 961 846 his
981 786 1091 854 scribis,

227 886 278 960 qni
289 887 372 961 riigni
383 889 512 947 suntillo
523 888 633 956 ordine,
644 887 771 960 patribus
782 887 914 955 familias,
924 885 997 943 viris
1012 884 1093 942 bonis

227 985 466 1058 atquehonestie,
480 983 701 1058 percontamini,
714 985 783 1059 quid
802 985 858 1041 sibi
871 983 943 1042 istae
958 984 1093 1058 quinqua·

228 1080 357 1154 gesimm
369 1083 473 1140 veiint.
513 1085 582 1141 Jarn
590 1101 696 1142 onrnee
716 1082 897 1156 intelligetis,
912 1089 1019 1140 novam
1033 1098 1093 1140 rem

228 1182 320 1235 totam
338 1183 424 1254 atque
444 1180 594 1255 indignam
615 1180 719 1238 videri.
769 1179 820 1238 Ad
844 1197 893 1237 eoe
915 1197 962 1238 me
986 1181 1094 1238 scribae

229 1283 346 1344 avoca,
356 1278 382 1334 si
394 1280 494 1350 piacet
502 1287 516 1334 τ’
531 1279 593 1338 uoti
606 1279 661 1337 hoa
672 1279 820 1353 colligere,
834 1279 883 1354 qui
897 1273 1022 1336 uuiuulia
1036 1295 1096 1338 cor·

229 1375 338 1450 rogatis
351 1377 388 1434 de
401 1383 542 1451 nepotum
554 1377 648 1447 donis,
662 1395 698 1435 ae
718 1379 755 1435 de
776 1379 958 1436 scenicorum
977 1379 1097 1435 corolla·

228 1473 290 1544 rtis,
303 1493 371 1534 eum
383 1475 532 1532 decuriam
544 1479 684 1544 emerunt,
695 1493 733 1534 ex
747 1474 841 1549 prium
850 1475 952 1533 ordine
966 1477 1098 1550 exploso·

229 1571 365 1630 rum⁹⁶iu
373 1574 531 1630 seeundum
538 1573 668 1631 ordinem
677 1572 807 1632 eivitatie
817 1592 849 1632 ee
860 1574 978 1632 venisse
987 1573 1097 1631 dieunt.

230 1667 291 1728 Eos
302 1669 515 1730 eeribasteeum
522 1670 730 1746 disceptatores
741 1673 825 1746 hujus
836 1673 967 1732 oriminis
977 1673 1100 1740 habebo,

230 1767 281 1843 qui
294 1768 364 1827 istos
379 1769 488 1829 scribae
501 1787 565 1829 esse
587 1773 708 1828 moieete
731 1771 835 1830 ierunt
876 1771 1013 1830 Tametsi
1033 1787 1099 1829 cunr

230 1866 264 1924 in
277 1885 315 1926 eo
327 1869 429 1927 ordine
441 1871 591 1928 videamus
605 1887 669 1928 esee
683 1873 787 1929 multoe
798 1889 857 1928 non
870 1870 1002 1939 idoneos,
1021 1867 1043 1904 ⁸²
1052 1868 1099 1945 qui

231 1967 303 2024 ordo
315 1968 473 2026 industriae
486 1969 647 2044 propositus
658 1974 702 2026 est
712 1975 743 2027 et
752 1969 904 2044 dignitati:
926 1969 1101 2037 mirabimur,

230 2067 327 2137 turpes
340 2067 451 2140 aliquos
463 2068 507 2124 ibi
519 2087 591 2135 esse,
605 2085 661 2144 quo
679 2067 700 2100 ³⁸
710 2068 804 2127 cuivis
826 2071 898 2128 ticet
922 2071 1018 2145 pretio
1039 2087 1101 2144 per·

180 2146 221 2206 ⁸⁰
232 2161 355 2222 venire?
376 2165 425 2223 'ru
434 2183 471 2224 ex
482 2167 607 2241 pecunia
618 2167 735 2241 publiea
747 2169 811 2226 H·S
823 2170 966 2228 tredecies
977 2169 1103 2228 scribam

230 2265 311 2322 tuum
328 2264 469 2337 permissu
489 2270 540 2325 tuo
561 2283 627 2325 eum
649 2266 800 2326 abstulisse
822 2269 941 2340 fateare,
962 2270 1104 2346 reliquam

231 2352 286 2411 ritu
307 2353 397 2409 utiam
413 2356 905 2424 (immerseram
920 2363 995 2413 rerre
1009 2373 1105 2433 quem·

232 2467 319 2528 quam
337 2446 445 2524 possei
465 2451 521 2508 hoe
544 2465 716 2525 quemquam
740 2450 865 2527 denique
888 2471 966 2513 nunc
991 2461 1104 2518 tuorum

232 2550 439 2608 advoeatorum
459 2548 557 2607 animo
576 2565 669 2624 aequo
689 2548 789 2607 audire
809 2551 968 2612 arbitrere?
990 2555 1056 2630 Qua
1070 2557 1102 2618 in

233 2649 357 2708 civitate
371 2648 406 2707 G.
422 2648 540 2718 (tatoni,
552 2648 713 2708 clarissimo
726 2648 799 2718 viro,
813 2652 958 2710 eonarrlari
978 2655 1105 2728 homini,

234 2749 299 2811 ris
313 2765 393 2806 xvur
407 2746 533 2806 millibus
544 2747 580 2806 lie
589 2747 741 2807 aestimata
751 2749 805 2820 sit3
825 2748 856 2808 in
868 2751 970 2808 eadem
982 2753 1106 2812 civitate

233 2847 391 2922 apparitori
414 2853 464 2905 tuo
487 2865 551 2906 eree
573 2865 752 2918 concessum,
766 2854 798 2906 ut
819 2849 886 2907 H·S
905 2867 964 2909 uno
987 2854 1108 2912 nomine

235 2946 378 3008 tredecies
392 2943 535 3005 auferret?
556 2947 635 3005 Hine
653 2949 705 3004 ilie
727 2952 771 3006 est
784 2950 908 3007 annulus
922 2965 1034 3021 aureus,
1047 2970 1107 3027 quo

236 3047 269 3102 iu
282 3044 369 3101 istum
383 3043 414 3100 in
436 3044 579 3103 concione
600 3046 732 3104 donasti:
753 3065 826 3122 quae
847 3051 898 3106 tua
919 3051 1041 3109 donatio
1052 3052 1112 3110 sin·

266 3196 288 3230 ⁸⁶
302 3197 329 3246 ia
337 3198 460 3246 secundnm
468 3199 516 3246 ard.
526 3213 544 3246 c.
558 3214 575 3247 a.
585 3214 606 3247 u.
615 3200 702 3262 dicunt]
719 3200 741 3248 in
751 3201 851 3252 ordinem
862 3207 987 3273 equestrem
993 3222 1001 3266 3

237 3257 267 3304 ad
281 3273 339 3316 eum,
356 3273 421 3320 quem
439 3259 522 3306 annulo
538 3273 605 3307 aureo
615 3275 629 3306 a
638 3260 711 3308 Verre
725 3261 832 3310 donatum
847 3261 902 3312 dicut
917 3279 936 3311 c.
954 3266 991 3314 80,
1015 3210 1118 3314 m

182 3318 185 3327 “
236 3315 294 3362 rorte
303 3317 381 3364 melius
398 3317 514 3366 situram

256 3393 289 3464 ff
303 3395 342 3454 qni
350 3397 402 3444 ordo
417 3397 543 3445 industrius
550 3413 611 3456 prop.
623 3403 653 3446 eat
671 3401 692 3446 ai
701 3398 825 3463 ennium]
855 3400 898 3448 Est
906 3401 1043 3466 periphrasis
1051 3418 1120 3454 sena·

274 3468 315 3508 sv-
330 3455 371 3501 0r.
383 3469 425 3515 pro
434 3456 510 3502 Sextio
523 3471 542 3504 c.
554 3461 590 3505 6⁵.

304 3531 378 3579 euioia
387 3533 438 3579 licet
444 3533 514 3590 pretia
521 3536 639 3592 psneaire
662 3536 869 3608 uemfequialoeus
877 3537 1120 3595 iutemitasersitru

244 3592 306 3642 cera
316 3590 423 3658 pemmo:
439 3593 499 3660 quod
508 3597 561 3646 aute
569 3593 627 3647 dixit
636 3537 749 3648 icaunam
759 3611 835 3650 anns.
