2418 4208
238 283 302 350 eon
576 267 768 324 uvmm

237 423 565 505 pnotortotuqueretur.
604 422 738 492 Numnt
759 420 828 484 ente
841 431 897 476 vos
917 414 1019 488 docui,
1031 415 1103 480 baur

236 525 293 586 sibi
315 525 371 584 iste
391 525 494 582 urbem
514 523 670 598 delegerat,
681 535 768 596 quem
789 517 910 576 baberet
932 517 1102 592 adiutricem

235 625 388 690 uenierunt,
407 620 545 680 furtorum
566 619 764 694 reoeptrioem,
777 615 953 690 flagitiorum
976 617 1102 674 omnium

235 721 355 782 muium.
396 722 498 796 ltaque
518 719 556 778 ad
571 718 767 792 magistrutum
782 714 991 772 Mamertinum
1005 715 1102 774 stetim

236 819 388 882 deducitur
411 818 543 878 Gavius:
571 831 664 890 eoque
687 815 752 888 ipso
772 813 821 870 die
843 829 914 872 nasu
935 813 1101 872 Messanam

237 919 322 978 venit
333 919 451 978 Verres.
491 916 551 974 Res
564 915 602 972 ud
615 930 682 972 eum
695 913 834 971 defertur:
856 929 921 970 esee
934 911 1029 970 civem
1041 912 1101 970 Ro-

236 1033 363 1086 manum,
373 1016 422 1092 qui
432 1033 463 1074 se
473 1012 626 1088 Syraousis
635 1013 667 1072 in
675 1011 821 1071 lautumiis
831 1011 920 1068 inisse
931 1016 1101 1086 quereretur.

235 1131 331 1191 mrem,
344 1114 410 1187 jnm
421 1112 636 1188 ingredientem
647 1125 765 1180 navem,
778 1115 808 1168 et
821 1109 910 1168 Verri
923 1109 1015 1168 nimis
1033 1115 1101 1168 atro

235 1214 310 1274 niter
325 1213 522 1282 minitantem,
534 1229 553 1270 u
567 1230 599 1270 ue
615 1214 769 1270 retractum
781 1225 855 1277 ense,
868 1215 898 1266 et
918 1215 1103 1279 reservam,

236 1319 270 1374 nt
288 1313 352 1389 ipse
371 1313 404 1374 in
421 1329 488 1372 eum
505 1315 653 1378 statueret,
672 1310 749 1386 qnod
762 1309 919 1370 videretur.
962 1310 1040 1384 Agit
1057 1311 1102 1367 bo·

237 1412 363 1472 minibus
376 1411 492 1486 gratias,
505 1415 647 1470 eteorum
662 1425 730 1484 erge
743 1425 775 1467 se
789 1407 1031 1467 benevolentiam
1043 1408 1102 1466 dili·

237 1511 422 1586 gentiumque
441 1509 595 1567 eollaudut.
637 1509 705 1581 lpse
725 1507 918 1566 inflammatus
943 1509 1055 1564 scelere
1075 1511 1103 1564 et

235 1607 329 1665 surore
347 1606 381 1664 in
400 1607 491 1666 ionum
504 1605 596 1664 venit
637 1605 790 1666 Ardebant
808 1589 904 1666 obuli:
929 1609 993 1664 toto
1006 1625 1046 1664 ex
1058 1623 1104 1663 ore

236 1705 392 1766 emdelites
405 1705 562 1766 eminebat.
601 1701 821 1780 Exspeetubnnt
839 1721 955 1772 omnen,
968 1721 1028 1780 quo
1046 1709 1103 1762 tun·

237 1806 306 1864 dem
328 1821 534 1882 progressurus,
553 1809 604 1862 unt
623 1803 762 1880 quidnam
783 1808 897 1862 aeturus
923 1807 1021 1861 esset:
1041 1819 1105 1862 oum

239 1909 359 1978 repente
373 1903 521 1962 bominem
533 1901 649 1977 proripi,
662 1907 749 1978 atque
769 1901 801 1960 in
820 1903 881 1960 soro
894 1902 992 1962 medio
1005 1901 1105 1960 nudari

239 2017 275 2059 uo
292 2001 422 2074 deligari,
435 2005 467 2056 et
479 2001 575 2073 virgas
595 2000 728 2073 expediri
742 2001 835 2076 jubet.
877 2001 1034 2060 clamabat
1055 2001 1104 2060 iile

238 2097 335 2164 miser,
345 2113 378 2152 se
391 2095 491 2154 nivern
500 2112 564 2153 esse
576 2096 750 2168 Romanum,
758 2099 935 2172 municipem
946 2098 1105 2156 Cosanum:

239 2194 376 2254 memisse
390 2211 422 2252 se
435 2179 502 2254 eum
521 2195 557 2253 L.
572 2193 680 2265 Pretio,
691 2197 925 2270 splendidissimo
937 2197 1030 2272 equite
1044 2196 1106 2254 Ro

240 2312 336 2364 muno,
349 2295 398 2371 qui
408 2294 545 2353 Panormi
558 2295 770 2368 negotiaretur:
791 2313 831 2354 ex
844 2312 901 2370 quo
913 2297 987 2354 bueo
995 2292 1108 2354 Verres

240 2395 316 2452 seire
330 2397 435 2466 posset.
478 2393 558 2450 'funs
571 2393 627 2450 iste
650 2410 682 2450 se
696 2393 872 2467 oomperisae
888 2394 939 2462 ait,
959 2412 1027 2454 eum
1047 2413 1108 2468 spe·

239 2491 359 2550 eulandi
371 2506 460 2548 eausa
473 2490 504 2547 in
517 2489 649 2548 Siciliam
663 2492 700 2548 uh
712 2492 834 2554 ducibus
844 2492 1034 2568 fugitivorum
1045 2509 1107 2552 esee

241 2587 374 2648 missum:
394 2589 477 2663 cujus
498 2588 540 2648 rei
554 2607 647 2665 neque
661 2589 762 2658 index,
774 2607 871 2666 neque
885 2591 1046 2666 vestigium
1059 2591 1106 2650 uli·

242 2685 327 2764 quod,
340 2705 434 2763 neque
447 2686 573 2761 euspieio
586 2689 720 2763 ouiquam
732 2693 810 2748 esset
822 2691 892 2748 ulla
906 2690 1016 2748 deinde
1024 2691 1109 2764 jubet

241 2785 368 2861 undique
386 2784 563 2844 ”bominem
574 2787 830 2846 vehementissime
843 2788 1000 2846 verberari.
1037 2789 1108 2848 Gee-

242 2884 364 2942 debutur
374 2865 463 2958 virgis
474 2883 505 2941 in
516 2883 612 2942 medio
622 2885 683 2942 soro
693 2883 848 2944 Messanae
862 2885 938 2944 eivis
951 2887 1108 2953 Romanus,

237 2979 370 3056 judicem
390 2996 456 3036 oum
476 2980 588 3038 interea
607 2983 701 3040 nullus
720 2984 854 3057 gemitus,
867 2986 948 3042 nulla
968 3002 1034 3044 vox
1054 2985 1109 3042 eliu

243 3079 325 3142 istius
356 3075 461 3146 miseri,
483 3075 560 3134 inter
586 3077 715 3138 dotorem
736 3083 934 3156 crepitumque
959 3086 1108 3158 plagarum

244 3181 420 3248 audiebatur,
433 3177 491 3237 nisi
504 3178 587 3247 bueo,
600 3194 681 3236 orvrs
696 3197 840 3238 uouuuue
856 3197 927 3240 suu.
968 3181 1068 3241 ”Heu
1080 3199 1109 3239 se

275 3327 299 3362 ⁷¹
312 3331 420 3380 bominem
431 3333 518 3392 proripi
531 3332 753 3394 vehementissimeque
767 3333 886 3381 uerberari
928 3333 1043 3383 Graevius
1057 3335 1111 3384 bem

245 3383 429 3492 detegentprmipi,
437 3407 450 3438 e
459 3393 605 3456 superioribus
612 3392 744 3456 repetitum:
755 3393 876 3454 abemtque
915 3407 932 3442 a.
941 3393 1002 3454 Reg.
1012 3398 1041 3442 ut
1049 3393 1111 3440 ebert

274 3520 298 3557 ⁷³
311 3519 616 3602 unumunurm]
646 3527 691 3576 Hie
707 3529 784 3578 iseum
800 3529 881 3581 iuitin
898 3527 950 3582 Ms.
968 3528 1110 3582 uudeordt

119 3590 124 3612 ⁸
244 3581 371 3632 moment.
396 3574 483 3629 Desunt
492 3584 543 3634 inde
552 3589 692 3638 onuuadc.
703 3591 821 3646 tdsdueuu
