2418 4208
218 324 284 388 274
556 317 748 372 lltvERliRM

220 470 362 547 ejusmodi
388 469 521 540 civitate,
558 471 729 528 adolescens
766 461 974 532 nobilissimus,
1007 463 1090 522 testis

220 571 396 647 relinquetur
409 567 422 628 i
442 568 664 643 inpraesentia,
677 564 974 641 inquit-Cleomenes,
992 563 1091 638 quoni-

221 687 268 730 am
280 670 323 728 its
336 687 458 730 necesse
472 673 535 726 est:
566 669 618 726 sed
638 669 704 741 post
726 663 837 739 aliquid
855 660 1035 729 uidebimus,
1053 678 1093 718 ne

168 769 208 830 41
221 769 277 828 iste
292 769 376 830 nobis
389 771 505 828 obsim
518 767 617 842 possit
659 765 742 823 Haeo
766 765 953 837 posteaquam
972 764 1042 818 aeta
1062 764 1093 816 ct

222 869 480 936 constituissent,
506 865 637 940 procedit
662 864 718 922 istc
745 865 866 935 repente
892 877 909 918 e
935 857 1094 932 praetorio,

223 967 415 1026 infiammatus
438 968 557 1032 scelere,
582 964 688 1030 lurore,
718 959 900 1018 curialitate.
930 957 963 1016 in
997 956 1094 1016 iorum

224 1066 324 1124 venit:
344 1064 506 1124 nauarchos
520 1061 732 1134 voearijuber:
764 1057 909 1132 Quinihil
922 1059 1094 1124 metuerent,

222 1164 296 1224 nihil
310 1163 532 1238 auspicarentur,
545 1161 645 1220 statim
657 1162 820 1218 accurrunt.
848 1157 911 1214 Iste
929 1153 1094 1213 hominibus

224 1261 338 1320 miseris
352 1260 614 1336 innocentiumque
627 1257 712 1332 injioi
724 1261 842 1314 catenae
856 1254 990 1328 imperat.
1009 1251 1095 1311 ”lm-

225 1363 338 1436 plorare
364 1360 411 1420 ilii
437 1361 525 1418 tillem
564 1356 712 1433 praetoris,
739 1359 779 1423 et,
804 1368 892 1429 quare
919 1351 952 1410 id
977 1353 1093 1420 laceret,

226 1475 335 1534 rogare.
379 1459 467 1518 Tauro
487 1459 543 1515 iste
563 1457 620 1514 hoo
641 1471 746 1513 oausae
767 1453 849 1522 dicit,
872 1453 949 1528 quod
972 1453 1096 1510 classem

226 1557 418 1631 praetlonilrus
443 1555 645 1628 prodidissent.
687 1553 739 1612 Fit
760 1554 870 1610 clamor
890 1557 921 1608 et
943 1551 1095 1612 admiratio

226 1656 335 1730 populi,
353 1658 465 1712 tantam
486 1671 550 1712 esse
574 1654 607 1710 in
628 1651 746 1710 homine
774 1650 984 1725 impudentiam
996 1701 999 1704 .
1012 1655 1096 1725 atque

227 1752 390 1823 audaciam,
402 1761 436 1812 ut
447 1752 514 1811 aliis
526 1767 644 1810 causam
651 1750 826 1808 calamitatis
836 1749 1015 1830 attribueret,
1025 1765 1096 1824 quae

228 1853 323 1912 omnis
340 1858 457 1928 propter
475 1851 629 1910 avaritiam
650 1850 740 1924 ipsius
763 1848 937 1906 accidisset:
958 1852 1019 1917 aut,
1032 1865 1097 1906 curu

227 1949 293 2026 ipae
319 1954 496 2026 praedonum
528 1951 624 2008 socius
651 1953 806 2022 putaretur,
829 1947 895 2006 aliis
926 1947 1097 2022 proditionis

119 2043 122 2048 ’
228 2049 340 2106 crimen
353 2049 488 2106 inferretr
502 2047 618 2115 deinde,
629 2048 685 2104 hoo
699 2047 914 2121 quintodecimo
925 2047 974 2104 riie
985 2047 1096 2105 crimen

229 2161 293 2202 esse
307 2148 415 2212 natum,
424 2153 575 2219 postquam
584 2136 686 2202 classis
696 2146 897 2203 essetamissa.
938 2145 1097 2204 Cumlraec

230 2242 343 2312 tierent,
364 2245 562 2317 quaerebatur,
591 2241 642 2300 ubi
669 2247 747 2300 esset
775 2240 976 2301 Cleomenes?
1006 2241 1098 2302 ”nou

229 2357 287 2418 quo
301 2340 385 2400 illurn
402 2342 506 2415 ipsum,
519 2339 706 2418 “eujusmodi
726 2345 812 2410 esset,
826 2342 976 2416 quisquam
995 2337 1099 2416 suppli-

230 2442 287 2510 cio,
301 2447 417 2516 propter
429 2442 739 2509 illud-inoemmodum,
749 2441 870 2516 dignum
879 2446 1012 2514 putaretr
1033 2457 1099 2498 nam

231 2539 299 2615 quid
321 2541 495 2597 Cleomenes
521 2539 619 2596 iaocre
643 2535 759 2613 potuit?
788 2536 862 2616 (non
883 2540 964 2596 enim
981 2541 1099 2614 'possum

230 2653 403 2714 quemquam
416 2637 590 2696 insimulare
610 2634 707 2714 laiso.)
733 2637 810 2712 quid,
832 2638 959 2713 inquam,
983 2655 1099 2713 magno·

231 2754 300 2812 pere
315 2738 489 2796 Cleomenes
507 2737 603 2796 lucere
623 2737 726 2810 potuit,
738 2735 820 2794 istius
838 2737 963 2796 avaritia
976 2737 1100 2796 navibus

232 2833 415 2895 exinanitis?
436 2837 534 2910 Atque
555 2853 622 2894 eum
646 2835 749 2892 vident
768 2837 869 2892 sedere
882 2837 920 2893 ad
933 2837 1010 2892 latus
1022 2853 1102 2910 praa·

232 2933 313 3000 toris,
327 2939 358 2991 et
370 2935 406 2990 ad
420 2950 519 2991 aurem
532 2933 720 3002 familiariter,
734 2937 765 2990 ut
778 2934 878 2992 solitus
892 2940 964 3002 erat,
977 2933 1101 2993 insusur-

261 3082 285 3116 22
299 3075 444 3141 imptfidern
451 3086 575 3146 praelum]
597 3087 633 3134 Sic
642 3086 702 3133 edidi
708 3087 776 3136 e'Ms.
787 3089 864 3146 cujac.
873 3093 897 3135 et
906 3089 951 3136 Cu.
968 3090 994 3135 ln
1004 3089 1057 3136 edd.
1066 3104 1101 3151 pr.

232 3145 267 3190 est
273 3143 299 3190 P.
320 3143 349 3188 R.
361 3144 420 3205 quod
430 3147 454 3189 et
462 3142 517 3190 alibi
533 3149 568 3190 est
580 3158 627 3206 pro‘
638 3146 688 3192 PR.
699 3161 734 3194 res
743 3147 792 3208 ipra
800 3149 866 3194 docet
874 3147 909 3193 ita
918 3146 986 3193 scribi
1003 3148 1101 3207 debere3

233 3203 292 3266 quod
300 3207 324 3248 et
333 3201 440 3250 Graevius
449 3204 560 3262 agnoscit:
578 3208 655 3266 estque
663 3205 747 3267 pariter
757 3205 788 3253 sio
797 3205 854 3252 inira
864 3221 884 3252 o.
895 3219 941 3268 seq.
947 3205 1022 3264 fidem
1032 3211 1102 3264 tatum,

233 3276 409 3322 puusuurpuam
418 3263 607 3321 crutimploruut.
948 3287 951 3292 ·

262 3339 287 3375 ²³
300 3356 345 3388 uon
353 3357 404 3402 pao,
413 3346 467 3407 eto]
500 3341 541 3393 aa
547 3343 583 3390 hir
591 3343 665 3391 oratio
672 3347 818 3399 nemausas:
834 3343 882 3390 sive
889 3343 969 3390 Cicero
975 3343 1024 3405 ipse
1033 3345 1103 3392 talen

233 3424 282 3458 esse
291 3410 369 3466 voluit,
378 3407 424 3454 sive
433 3409 522 3456 suddit.
551 3409 888 3470 Alpaeeesteuimvero,utaliis
899 3409 961 3456 locis.

266 3489 290 3522 ²⁴
306 3487 508 3547 sujursrudierset]
525 3489 539 3534 i.
550 3503 571 3534 e.
581 3489 732 3548 retrususque
749 3489 816 3546 aurii,
832 3488 907 3538 nister
924 3487 1013 3549 sempsit
1022 3488 1105 3536 Cicero

234 3543 433 3609 approperaret,
443 3550 469 3616 ut
476 3545 501 3593 P.
513 3546 620 3594 Manutio
629 3547 763 3616 videbatur:
780 3547 802 3593 in
812 3561 856 3616 quo
866 3551 943 3594 vetere
952 3547 1020 3595 modo
1037 3549 1107 3608 apua

234 3607 306 3659 semel
315 3606 402 3654 mun
410 3607 517 3667 rerrptum
526 3611 597 3656 esset:
615 3607 655 3656 sed
664 3609 688 3654 et
697 3604 859 3667 rummesie
869 3605 959 3658 dicitu.
