2438 4206
158 328 163 338 ’
219 323 262 384 π
551 313 745 366 ntvaRbM

169 457 212 522 73
260 461 383 526 Siciliae
401 463 538 525 civitates
558 467 668 526 multas
689 466 765 532 eunt,
772 459 899 536 jndices,
911 461 1089 518 ornament-

221 583 277 643 que
303 566 460 625 honestae:
481 565 642 642 exquibus
665 564 697 622 in
719 561 818 638 primis
841 559 1021 620 numeranda
1043 563 1092 618 est

220 663 328 724 civitas
350 665 501 725 Haimiuu.
522 666 634 724 nuttam
651 662 730 722 enim
749 660 899 736 reperietis
921 658 1093 718 autofficiia

221 763 391 832 fideliorem,
410 769 461 824 sut
483 763 575 838 copiis
597 763 825 836 locupletiorem,
844 765 896 818 aut
918 758 1092 818 auctodtate

223 864 396 938 graviorem.
437 863 515 922 Huic
528 863 584 920 iste
597 862 628 920 in
652 879 744 921 anuos
767 861 906 936 singulos,
918 875 986 918 oum
1006 873 1093 916 sexu·

223 961 306 1038 ginta
318 961 408 1019 tritici
431 960 523 1020 miliia
536 959 665 1020 modidm
688 960 900 1035 imperavisset,
919 971 971 1032 pro
991 957 1092 1014 trition

224 1075 327 1118 numos
351 1059 478 1128 abstulit,
497 1061 598 1135 quanti
612 1060 718 1118 eratin
733 1058 837 1118 Sicilia
850 1059 1000 1117 triticum:
1021 1071 1092 1132 quos

225 1159 263 1216 de
276 1158 398 1232 publico
407 1175 508 1218 numos
522 1165 685 1234 acceperat,
698 1158 816 1218 retinuit
832 1175 946 1216 omnes.
988 1157 1091 1214 Obstu-

226 1255 419 1330 pui‚judices,
432 1275 500 1316 cum
519 1259 576 1316 boc
596 1259 669 1317 mibi
689 1258 810 1333 primum
825 1257 963 1314 Halesiae
976 1257 1094 1312 demon-

227 1356 331 1416 stravit
344 1356 376 1415 iu
389 1363 493 1416 senatu
507 1359 711 1418 Halesinorum
732 1360 818 1415 bomo
831 1372 946 1413 summo
964 1353 1094 1428 ingenio,

227 1473 339 1514 summa
351 1457 512 1528 prudentia,
525 1473 637 1514 summe
651 1455 824 1514 auctoritate
839 1452 994 1526 praeditus,
1008 1454 1095 1510 Hate-

212 1577 214 1581 ·
229 1553 309 1611 sinus
322 1553 458 1610 Aeneas:
478 1553 527 1609 cui
538 1557 656 1609 'senatus
665 1550 687 1584 Ἴ*
693 1553 816 1610 dederat
823 1551 941 1624 publice
953 1546 1096 1628 [causum]

229 1653 262 1706 ut
272 1648 344 1708 mibi
356 1649 493 1724 fratrique
506 1665 572 1707 meo
580 1649 686 1724 gratias
697 1655 813 1724 egeret3
827 1655 857 1708 et
871 1649 967 1718 simui,
979 1650 1030 1724 qui
1043 1667 1096 1706 nos

229 1763 352 1824 eaquae
363 1747 551 1820 adjudicium
562 1749 749 1822 pertinerent,
759 1750 886 1806 doceret.
900 1750 1097 1817 Demonstrat,

232 1849 309 1906 bunc
328 1847 412 1904 istius
434 1847 673 1914 consuetudinem
687 1863 723 1904 ac
744 1847 886 1904 rationem
906 1847 1012 1904 fuisse:
1032 1865 1097 1904 curn

231 1947 325 2008 omnis
338 1945 473 2002 frumenti
486 1945 571 2018 copia
584 1946 768 2002 decumarum
781 1946 898 2002 nomine
906 1961 997 2018 penes
1011 1945 1097 2003 istum

233 2047 312 2102 esset
325 2044 451 2110 reducta,
470 2040 490 2074 ⁷⁵
501 2043 617 2100 solitum
637 2060 700 2100 esse
720 2043 807 2100 istum
827 2043 981 2116 pecuniam
993 2060 1099 2118 eogere

233 2159 253 2199 a
273 2139 456 2210 civitatibus3
487 2139 658 2198 trumentum
679 2141 857 2215 improbare3
884 2146 1023 2217 quantum
1045 2142 1100 2199 iru-

234 2239 327 2328 menti
336 2239 459 2296 Romam
465 2242 543 2296 esset
553 2240 733 2306 mittendum,
742 2245 854 2298 tantum
864 2240 900 2297 de
911 2257 963 2298 suo
971 2244 1100 2316 qrraestu,

236 2355 272 2398 ac
286 2339 322 2396 de
342 2355 394 2396 sua
413 2337 498 2412 copia
516 2338 651 2395 frumeuti
672 2339 795 2396 mittere.
836 2339 931 2396 Posco
954 2341 1100 2398 rationes:

237 2437 364 2511 inspicio
385 2436 511 2501 litteras:
533 2435 621 2492 video
643 2436 778 2494 frumenti
801 2437 1104 2512 granumflutesinos,

237 2537 340 2612 quibus
358 2553 400 2593 nx
414 2534 506 2593 miiiiu
519 2532 646 2592 modifim
665 2536 805 2610 imperatu
824 2541 916 2605 erant,
929 2539 1042 2594 nntium
1052 2539 1103 2595 de

239 2635 335 2694 disse:
355 2635 509 2708 pecuniam
529 2634 678 2703 Volcatio,
703 2635 895 2705 Timarchidi,
918 2637 1032 2696 scribae
1053 2638 1105 2694 de·

240 2736 326 2798 disse.
347 2733 458 2810 reperio
475 2751 566 2808 genus
589 2733 760 2808 hujusmodi,
774 2734 899 2807 judices,
920 2737 1053 2808 praedae,
1073 2741 1107 2794 ut

237 2839 363 2908 praetor,
376 2833 425 2908 qui
437 2833 609 2890 frumentum
623 2849 718 2890 emere
731 2833 865 2902 debebat,
879 2851 938 2892 non
951 2839 1040 2903 emat,
1052 2835 1107 2892 sed

242 2933 364 2989 vendut:
378 2930 525 3004 pecunias,
535 2947 605 3004 quas
615 2931 781 2989 civitatibus
792 2932 962 3012 distribuere
971 2935 1108 3001 debebat,

242 3047 293 3090 eas
306 3045 407 3088 omnes
420 3033 534 3086 avertat
546 3033 631 3105 utque
644 3031 761 3090 unierat.
802 3033 832 3091 N
833 3050 872 3092 on
892 3032 965 3090 mibi
976 3034 1041 3109 jam
1053 3035 1111 3092 tur·

274 3184 604 3246 sspaotuemaaaroamuu]
633 3185 759 3234 Hocuullo
774 3188 842 3234 modo
859 3203 936 3235 verum
956 3203 1004 3236 esse
1019 3193 1112 3250 potest:

245 3246 373 3310 imstruqne
388 3246 412 3292 iu
429 3259 458 3292 eo
471 3243 602 3307 explicando
620 3245 731 3292 laborant.
758 3247 831 3294 loeus
840 3251 875 3294 est
884 3247 1040 3309 interpolatus.
1061 3247 1115 3295 De-

246 3305 336 3354 iendmu
344 3311 379 3352 est
388 3319 474 3356 mamm
484 3324 492 3350 .-
510 3305 576 3375 quod,
587 3308 612 3350 ut
620 3305 706 3366 opinor,
716 3304 758 3352 suit
766 3306 789 3352 in
798 3307 904 3364 margine,
914 3311 939 3352 ut
948 3321 1037 3364 nomen,
1046 3308 1116 3365 eujus

247 3363 381 3424 periphrasis
390 3369 424 3412 est
433 3365 455 3410 in
465 3363 544 3420 verbus,
555 3379 586 3421 ou,
595 3379 649 3424 puae
657 3363 807 3424 odjudioiam
813 3365 956 3421 pertinerent,
964 3367 1055 3424 domrst,
1063 3367 1082 3412 i.
1092 3379 1117 3412 e.

247 3435 342 3526 “pegma
347 3424 448 3526 domii
474 3423 532 3472 Mox
543 3425 613 3485 etqui
621 3423 740 3471 dedendum
749 3428 791 3481 est,
801 3425 860 3485 quod
874 3440 926 3472 cum
934 3426 1036 3472 motione
1045 3439 1120 3488 prae·

289 3494 318 3527 eu
350 3495 430 3527 nonco
449 3515 454 3527 .

247 3559 303 3678 με
313 3557 401 3609 ratitum
410 3559 547 3626 sucidam]
576 3560 650 3612 idum
657 3562 695 3612 bic
702 3567 787 3613 temere
794 3537 938 3626 mculcabum,
948 3565 1121 3627 delendumque
