2418 4208
223 349 287 412 aro
546 323 751 404 'avanano

223 494 372 552 consulem
401 495 532 572 cogitent
561 497 634 557 mibi
660 497 756 566 crede,
783 493 954 554 ornamenta
976 491 1036 548 isla
1061 495 1093 548 et

223 589 366 652 hneficia
380 595 477 670 populi
491 595 617 655 Romani
630 613 689 656 non
703 596 813 654 minore
829 591 949 668 negotio
962 589 1091 648 retinen-

222 691 276 757 Μ,
297 706 384 767 quam
406 700 617 770 comparantur.
658 693 742 752 Tulit
762 694 838 751 haec
859 690 977 757 civitas,
996 687 1090 764 quoad

221 785 325 862 potuit,
335 793 429 866 quoad
439 805 559 852 necesse
573 792 636 860 luit,
647 792 755 866 regiam
766 791 854 864 iatam
862 793 989 847 vestram
998 785 1089 844 domi·

221 886 372 946 nationem
385 889 416 947 in
429 889 549 964 judiciis
568 894 600 948 et
611 890 643 948 in
656 889 737 949 omni
748 886 916 962 republica3
938 885 1012 942 tulit.
1033 884 1089 942 sed

222 983 340 1060 quodie
353 989 457 1060 populo
470 987 603 1046 Romano
624 985 732 1046 tribuni
754 986 847 1061 plebia
871 983 998 1042 restituti
1010 985 1087 1052 sunt,

223 1081 323 1139 omnia
333 1083 390 1142 iata
403 1083 487 1142 vobis
500 1083 540 1164 (ai
553 1087 627 1144 torte
640 1086 767 1144 nondum
781 1079 960 1160 intelligitis)
973 1082 1088 1139 ademta

221 1181 307 1255 atque
320 1185 419 1254 erepta
433 1188 510 1242 aunt.
552 1184 689 1244 Omnium
699 1200 777 1242 nuuc
790 1182 869 1240 oculi
879 1181 1010 1256 conjecti
1022 1182 1088 1238 aunt

220 1275 278 1336 hoc
292 1279 355 1354 ipso
369 1285 499 1356 tempore
513 1281 544 1340 in
563 1299 791 1357 unumquemque
809 1277 949 1346 nostram,
962 1295 1019 1354 qua
1032 1277 1087 1334 lida

221 1393 278 1452 cgo
291 1395 435 1448 accusem,
448 1397 504 1455 qua
516 1379 656 1454 religione
665 1380 697 1437 hi
704 1378 848 1454 Judicent,
859 1395 915 1454 qua
929 1382 960 1434 tu
973 1376 1085 1434 ratione

221 1475 379 1546 defendas„
412 1479 460 1538 De
481 1479 613 1537 omnibus
635 1479 729 1546 nobis,
751 1478 776 1536 si
798 1475 860 1552 quis
884 1477 1029 1534 tantulum
1050 1475 1086 1532 de

220 1578 302 1629 recta
319 1574 437 1647 regiona
457 1575 618 1644 deflexerit,
632 1593 691 1634 non
713 1576 765 1633 illa
787 1576 877 1632 tacita
898 1572 1085 1640 existimatio,

219 1685 305 1744 quam
318 1675 406 1728 antea
425 1677 612 1731 contemnere
634 1674 781 1742 solebatis,
795 1675 847 1731 aed
869 1673 1030 1730 vehemens
1051 1686 1085 1729 ac
1198 1739 1199 1750 χ

219 1765 342 1828 liberum
360 1772 458 1846 populi
480 1772 604 1830 Romani
618 1771 763 1847 judicium
784 1774 987 1846 consequetur.
1008 1771 1087 1826 nulla

220 1866 284 1936 tibi,
300 1869 418 1942 Quinte,
432 1887 498 1928 cum
509 1871 567 1928 isto
579 1872 714 1944 cognatio
725 1875 779 1939 est,
790 1871 870 1928 nulla
885 1868 1086 1926 necessitudo:

220 1966 322 2040 quibus
336 1969 571 2026 excusationibus
585 1974 672 2026 antea
686 1969 810 2026 nimium
823 1967 855 2025 iu
869 1965 1089 2042 aliquojudicio

219 2062 345 2119 studium
359 2069 438 2120 tuum
452 2066 605 2122 defendere
619 2067 743 2134 solebas,
754 2083 852 2124 earum
864 2066 971 2122 habere
985 2063 1020 2122 in'
1029 2064 1086 2121 hoc

218 2157 336 2215 homine
350 2161 459 2230 nullam
473 2165 564 2234 potes.
607 2163 690 2235 Quae
704 2163 760 2221 iste
779 2165 811 2220 in
825 2162 975 2237 provincia
987 2163 1087 2234 palam
1197 2163 1198 2180 ¹

217 2253 380 2326 dictitabat,
394 2275 518 2328 cumea,
532 2277 604 2336 quae
618 2259 754 2340 iaciebat,
769 2267 817 2319 tua
827 2280 860 2319 se
873 2260 978 2320 fiducia
987 2258 1085 2318 iacere

217 2355 345 2425 (licebat,
358 2375 395 2414 ea
416 2376 454 2415 ne
474 2376 545 2416 vera
566 2365 710 2432 putentur,
725 2360 778 2417 tibi
791 2360 918 2418 maxime
932 2349 977 2417 eat
990 2357 1086 2434 provi·

165 2466 207 2525 69
218 2456 353 2514 (lendum.
394 2455 459 2536 Ego
472 2457 530 2514 mei
544 2457 609 2529 Jam
622 2458 763 2515 rationem
783 2458 872 2516 officii
885 2458 1001 2516 confido
1021 2474 1085 2515 esse

217 2555 350 2612 omnibus
378 2552 564 2628 iniquissimis
588 2554 660 2612 meis
688 2556 871 2628 persolutam.
906 2573 974 2613 uam
999 2557 1085 2613 istum

215 2653 316 2730 paucis
330 2651 408 2710 horis
423 2654 532 2727 primae
546 2653 679 2721 actionis,
693 2653 822 2712 omnium
843 2653 1007 2712 mortalium
1022 2635 1084 2712 san·
1196 2683 1197 2736 ἦ

216 2752 326 2821 tentiis,
349 2752 553 2816 condemnavi.
602 2751 757 2826 Reliquum
774 2751 919 2825 judicium
943 2769 1003 2810 non
1021 2752 1084 2825 jam

215 2852 253 2908 de
274 2869 340 2909 mea
360 2852 427 2920 tide,
446 2868 519 2926 quae
541 2854 762 2924 perspectauit,
785 2867 879 2924 neque
904 2848 988 2906 istius
1010 2849 1083 2917 vita,

215 2966 289 3022 quae
302 2950 437 3006 damnata
449 2953 510 3018 est;
531 2949 582 3004 sed
590 2949 627 3004 de
635 2947 793 3020 judicibus,
804 2951 843 3014 et,
855 2964 924 3004 vere
935 2952 967 3004 ut
977 2947 1085 3016 dicam,

214 3045 252 3102 de
263 3043 423 3101 teluturum
434 3050 487 3102 est.
530 3045 572 3101 At
581 3062 637 3117 quo
645 3052 773 3118 tempore
782 3045 906 3102 laturum
915 3042 983 3104 est?
1002 3041 1083 3122 (nam

214 3143 246 3201 id
259 3141 386 3202 maxime
399 3141 608 3216 providendum
619 3147 680 3199 eat:
701 3143 810 3201 etenim
823 3160 891 3201 cum
904 3143 1039 3202 omnibus
1049 3143 1082 3201 iu

214 3245 383 3314 reboatum
406 3239 437 3298 in
458 3239 605 3318 republica
626 3241 775 3318 permagni
789 3241 928 3300 momenti
949 3247 995 3299 eat
1008 3239 1081 3299 ratio
1195 3249 1196 3254 ’

214 3344 300 3413 atque
313 3339 467 3399 inclinatio
481 3345 640 3415 temporum
651 3336 673 3416 e)
693 3355 797 3412 nempe
818 3357 863 3406 eo,
877 3354 946 3396 cum
959 3342 1082 3414 populus

95 3501 97 3506 ,
214 3437 362 3498 Romanus
384 3438 462 3496 aliud
484 3456 575 3512 genus
595 3435 754 3508 bominum,
768 3441 854 3512 atque
873 3434 992 3494 ”alium
1009 3435 1083 3495 ordi·

240 3591 262 3624 ¹⁸
275 3591 347 3638 olium
355 3571 456 3637 ordiam
470 3613 497 3626 ··
514 3593 631 3652 sapsam]
655 3588 1085 3656 aleeffidi,sine1ibrts,atneccaaria=

209 3645 873 3713 Mauueuimsdillucertqswumrllstumrucrtt
977 3699 979 3702 ,
1025 3719 1029 3724 1
