2460 4200
236 335 279 396 2⁴
571 323 764 376 inversum

234 479 272 536 ad
294 476 382 534 uliam
402 471 557 533 utilitatem
579 474 756 548 reipublicae
778 470 934 548 pertinuit:
954 477 1016 533 tum
1030 491 1099 536 vero

233 578 271 634 ad
291 575 459 642 calumnias,
480 575 510 632 in
525 593 594 648 quas
613 591 714 632 omnes
727 573 899 640 inciderent,
921 591 992 647 quos
1007 578 1097 634 veliet

234 675 391 748 Apronius.
432 673 474 730 Ut
490 672 567 730 enim
589 672 707 746 quisque
722 676 823 728 contra
842 673 1021 730 voluntatem
1036 674 1097 745 ejus

231 773 356 841 dixerat,
375 772 416 829 ita
425 772 460 829 in
476 788 542 828 eum
557 757 700 843 judicium
714 771 750 827 de
771 768 945 843 professione
961 771 1095 844 jugerum

230 873 436 947 portuiabatur.
457 871 538 942 curius
549 869 656 941 judicii
670 874 746 926 metu
761 886 879 942 magnus
898 887 916 924 a
934 869 1031 926 multis
1043 869 1097 927 iru-

230 968 323 1028 menti
341 985 473 1026 numems
487 969 608 1033 ablatus,
622 984 799 1041 magnaeque
820 967 960 1040 pecuniae
972 972 1094 1024 coactae

229 1072 312 1125 sunt:
330 1085 388 1124 non
406 1082 462 1140 quo
474 1065 607 1139 jugerum
621 1083 768 1122 numerum
782 1083 852 1122 vere
873 1064 996 1137 profiteri
1017 1069 1094 1123 esset

227 1165 356 1233 difficile,
370 1171 418 1222 out
433 1165 555 1238 amplius
568 1165 656 1222 etism
670 1165 804 1238 profiteri,
821 1161 903 1240 (quid
916 1163 995 1220 enim
1012 1163 1044 1219 in
1058 1151 1094 1220 ec

227 1261 350 1340 periculi
355 1268 522 1337 'esseposset
530 1261 555 1342 i)
566 1261 735 1321 sed³⁴cause
742 1269 800 1320 erat
804 1263 909 1336 judicii
919 1262 1092 1333 postulandi,

227 1365 302 1438 quod
317 1382 355 1420 ex
370 1364 466 1420 edicto
480 1362 621 1434 protessus
636 1381 693 1418 non
708 1369 793 1418 esset.
819 1359 980 1436 -Judicium
995 1366 1092 1418 autem

225 1463 300 1536 quod
314 1461 398 1516 inerit
411 1461 467 1515 isto
476 1460 624 1529 'praetore,
639 1459 673 1526 si,
686 1477 757 1532 quae
774 1459 885 1526 cohors,
898 1463 927 1514 et
941 1459 990 1532 qui
1000 1457 1090 1516 comi·

225 1563 302 1615 tatus
322 1557 416 1622 inerit,
440 1555 621 1620 meministis,
641 1557 716 1612 scire
737 1557 857 1613 debetis.
902 1555 979 1628 Quid
1003 1555 1090 1628 igitur

206 1666 209 1669 ’
224 1661 279 1722 est,
292 1657 367 1729 quod
381 1673 418 1711 ex
433 1656 487 1711 irco
501 1653 652 1727 iniquitate
671 1672 810 1711 novorum
832 1654 991 1710 edictomm
1003 1653 1089 1710 intei-

223 1754 276 1827 iigi
289 1751 528 1826 veiimjndices?
543 1754 719 1827 iujuriamne
730 1753 835 1811 iactam
849 1749 956 1810 sociis?
966 1758 997 1809 at
1007 1753 1088 1808 vide·

223 1853 270 1910 tis.
294 1855 504 1910 Auctoritatem
517 1851 693 1924 superiorum
708 1853 886 1924 repudiatam
898 1849 909 1908 i
923 1869 983 1908 non
999 1853 1085 1907 aude·

173 1961 212 2022 16
224 1952 266 2008 bit
277 1968 391 2023 negare.
414 1951 545 2005 Tantum
558 1949 717 2022 Apronium
728 1951 784 2006 isto
797 1958 927 2022 praetore
943 1945 1085 2023 potuisse?

223 2049 393 2106 confiteatur
411 2064 530 2104 necesse
549 2052 602 2103 est.
645 2049 704 2104 Sed
718 2065 771 2104 vos
795 2049 922 2117 fortasse,
943 2049 1018 2122 quod
1032 2064 1085 2103 vos

222 2147 273 2204 iex
286 2150 459 2212 commonet,
472 2145 503 2201 id
516 2145 548 2202 in
562 2147 617 2202 hoc
634 2147 700 2202 ioco
717 2148 868 2220 quaeretis,
882 2165 949 2204 num
962 2163 1032 2221 quas
1045 2161 1085 2202 ex

221 2243 304 2302 hisce
312 2245 395 2302 rebus
406 2243 541 2316 pecunias
552 2242 685 2316 ceperit?
708 2246 837 2313 Docebo,
856 2247 969 2318 cepisse
990 2243 1082 2300 maxi·

220 2355 292 2408 mus,
300 2359 455 2416 omnesque
464 2359 513 2398 eas
521 2342 697 2415 iniquita-tes,
705 2344 742 2399 de
753 2343 853 2417 quibus
862 2349 949 2400 antea
956 2342 1028 2410 dixi,
1037 2341 1083 2399 sui

219 2445 353 2515 quaestus
378 2457 466 2497 causa
496 2437 516 2471 ³⁵
529 2440 713 2497 constituisse
739 2441 924 2510 convincam,
951 2441 975 2498 si
1004 2440 1082 2514 {rrius

218 2538 290 2596 iilud
306 2539 556 2612 propugnaculum,
570 2554 626 2611 quo
638 2543 739 2596 contra
749 2555 849 2596 omues
864 2557 942 2596 meos
955 2540 1079 2612 impetus

218 2653 332 2696 usurum
346 2656 377 2694 se
389 2642 477 2709 putat,
491 2653 529 2692 ex
543 2635 712 2693 defensione
726 2637 787 2709 ejus
801 2637 943 2708 dejecero.

257 2737 376 2807 Magno,
389 2735 491 2809 inquit,
504 2735 639 2792 decumas
655 2723 782 2797 vendidi.
824 2734 901 2805 Quid
912 2731 975 2791 ais?
995 2751 1032 2791 an
1047 2737 1080 2790 tu

216 2835 361 2894 decumas,
375 2833 461 2888 homo
474 2833 663 2890 audacissime
682 2840 767 2906 atque
789 2832 993 2898 amentissime,
1008 2849 1080 2888 ven·

216 2926 336 2986 didisti?
362 2933 393 2984 tu
415 2933 510 2999 partes
536 2943 595 2991 ess,
619 2943 688 2998 quus
712 2932 741 2982 te
764 2935 880 2986 senatus
902 2929 1080 3000 populusque

244 3083 267 3114 3⁴
282 3095 347 3128 causa
356 3077 493 3137 erntp'udr'cii
500 3077 643 3138 persistendi]
660 3075 726 3123 Vidit
736 3077 896 3132 Hotomanus,
905 3077 1032 3134 posmbmdi
1041 3094 1081 3128 ve-

215 3156 264 3189 rum
274 3155 320 3186 esse
330 3153 372 3186 non
383 3151 452 3199 posse,
464 3134 633 3192 etfcrmr'dcndi
642 3136 743 3183 correxit.
774 3135 894 3182 Lambinus
903 3135 973 3182 edidit
983 3151 1010 3182 ex
1019 3137 1082 3197 inge·

214 3201 252 3248 nio
266 3197 436 3266 pertimescendi.
454 3197 547 3241 refertur
560 3187 617 3240 euim
632 3194 673 3240 hoc
687 3196 716 3241 ad
731 3194 808 3265 paullo
817 3200 869 3240 ante
883 3206 1080 3246 commemoratum

212 3258 283 3319 liujus
294 3257 379 3316 pudicit
391 3259 482 3301 metum
514 3251 640 3300 Deseruere
655 3254 789 3300 delectione
803 3253 952 3301 substituenda
969 3269 1013 3300 non
1028 3271 1078 3304 sum

179 3341 186 3356 ι
212 3331 283 3364 ausus.

242 3397 264 3428 ³⁵
278 3374 563 3452 centumcentumn]
595 3393 631 3439 Sic
641 3392 691 3440 edd.
703 3407 736 3454 pr.
749 3393 802 3440 sid.
814 3397 837 3440 et
846 3393 904 3440 aliae
911 3396 1005 3448 veteres,
1016 3393 1076 3454 quod

211 3457 236 3499 ei
250 3453 272 3500 iu
286 3454 333 3500 Ms.
351 3451 433 3499 Nannii
447 3451 494 3497 iuit.
526 3449 569 3496 Pro
580 3453 704 3498 corrrn'uoum
714 3453 822 3499 Graevius
832 3453 925 3508 umam,
936 3465 949 3496 e
961 3452 1018 3498 Mss.
1035 3465 1074 3521 ep.

211 3505 276 3560 Grut.
307 3511 370 3559 Nihil
382 3511 481 3560 interest.
511 3510 557 3559 Ed.
571 3510 665 3560 Victorii
674 3511 789 3573 mospius,
806 3512 865 3561 unde
878 3512 1075 3569 faenumque

211 3570 241 3618 sb
249 3570 328 3619 lomb.
341 3570 393 3618 Ald.
401 3570 461 3631 Nep.
