2486 4212
216 339 277 404 174
547 334 582 387 ill
596 333 750 388 vennam·

212 483 344 559 amplius,
370 499 455 560 quam
478 485 552 543 terre
578 489 704 558 possent.
725 486 874 558 praeterea
894 479 1078 558 magistratus

211 601 309 643 eorum
323 585 484 642 evocabat:
505 583 645 658 optimum
658 599 798 657 quemque
818 586 849 638 et
868 581 1080 640 nobilissimum

211 683 249 742 ad
269 699 301 740 se
324 684 506 740 arcessebat:
527 682 636 740 circum
655 681 753 738 omnia
777 677 947 753 provinciae
961 678 1022 736 lora
1036 696 1079 736 ra·

210 779 326 855 piobat:
347 779 685 856 singillatim'uniouique
709 777 870 837 calamitati
890 777 951 834 tore
975 795 1007 833 se
1030 778 1079 835 de·

211 859 382 938 nuniiabat:
412 880 578 938 universnm
605 896 637 935 se
657 876 785 935 funditus
811 876 894 934 illam
913 891 1079 932 eversurum

211 995 276 1036 ease
292 977 444 1036 civitatem
467 977 638 1034 minabatur.
680 976 782 1050 ltaque
804 973 968 1048 aliquando,
981 972 1079 1031 multis

211 1075 304 1140 malis,
319 1091 479 1149 magnoque
492 1078 570 1132 metu
594 1073 668 1132 viati
690 1071 853 1150 Segestani,
876 1071 1014 1144 praetoris
1026 1071 1079 1128 im·

211 1173 293 1246 perio
312 1175 471 1247 parendum
493 1191 557 1230 ease
580 1175 781 1231 decreverunt.
802 1187 908 1246 magno
921 1187 987 1228 oum
1001 1172 1080 1226 luctu

211 1275 243 1328 et
255 1272 364 1345 gemitu
384 1273 473 1329 totius
486 1271 626 1340 civitatis,
639 1271 737 1329 multis
757 1287 824 1329 cum
847 1269 984 1342 laorymis
997 1271 1028 1326 et
1040 1270 1080 1324 la·

211 1345 391 1428 mcntaiione
401 1371 528 1428 virorum
536 1369 741 1444 mulierumque
752 1369 889 1436 omnium,
896 1367 1079 1424 simulacrum

160 1495 202 1558 35
213 1467 330 1526 Dianae
341 1469 499 1525 tollendum
513 1468 633 1524 locatur.
659 1465 681 1498 ⁸¹
693 1466 802 1523 Videte
817 1471 925 1540 quanta
938 1465 1079 1539 religione

119 1569 123 1576 '
212 1565 298 1622 luerit
308 1565 382 1637 apnrl
398 1565 584 1637 Segestanos.
598 1568 741 1637 repertum
751 1564 953 1638 esse,Judicea,
966 1563 1080 1631 scitote,

211 1661 372 1730 neminem,
385 1679 478 1736 neque
492 1661 624 1744 liberum,
634 1680 728 1737 neque
736 1679 862 1730 servum,
869 1679 963 1737 neque
972 1663 1080 1730 civem,

212 1777 307 1836 neque
320 1759 513 1834 peregrinum,
526 1759 575 1834 qui
587 1760 659 1818 illud
673 1759 786 1834 signum
796 1760 914 1817 auderet
927 1759 1079 1835 attingere.

146 1887 148 1891 ·
213 1858 356 1918 Barbaros
376 1861 514 1932 quosdam
531 1859 676 1932 Lilybaeo
700 1859 805 1916 scitota
827 1855 994 1916 ⁸8oslrlrrotos
1015 1874 1080 1918 esse

210 1958 367 2030 operarios.
388 1957 419 2013 bi
438 1958 563 2031 denique
581 1957 663 2024 illud,
686 1956 780 2030 ignari
802 1956 892 2014 totius.
909 1956 1020 2031 negotii
1043 1973 1079 2016 so

211 2053 371 2126 religionis,
384 2055 518 2110 mercede
531 2059 662 2126 accepta,
676 2057 858 2112 sustulerunt.
879 2055 954 2130 quod
964 2071 1030 2112 cnm
1040 2071 1079 2113 ex

211 2150 318 2226 oppido
341 2153 549 2224 exportaretur,
560 2168 645 2225 quem
660 2157 839 2210 conventum
858 2152 1009 2212 mulierum
1022 2151 1082 2212 lao-

155 2296 158 2300 .
211 2253 272 2307 tum
300 2266 364 2306 csse
388 2233 589 2308 arbitramini?
607 2267 694 2324 quem
714 2251 813 2308 fletum
832 2252 971 2324 majorum
984 2249 1081 2310 nutui

211 2363 330 2425 quorum
348 2350 481 2407 nonnulli
492 2349 580 2407 etiam
593 2349 676 2406 illum
688 2347 767 2406 diem
780 2349 919 2408 memoria
931 2351 1082 2419 tenebant,

211 2439 281 2504 cum
292 2448 343 2505 illa
356 2449 459 2504 eadem
474 2447 570 2505 Diana
587 2448 748 2522 Segestam,
759 2447 938 2522 Karthagine
951 2453 1080 2518 revecta,

211 2544 366 2603 victoriam
378 2546 477 2618 populi
485 2545 611 2603 Romani
622 2547 716 2603 reditu
727 2563 779 2602 suo
792 2547 962 2605 nuntiasset.
984 2549 1081 2620 Quam

210 2643 359 2701 dissimilis
381 2643 430 2701 hio
444 2643 507 2701 dies
522 2643 566 2702 illi
591 2645 714 2718 tempori
727 2644 895 2702 videbatur!
917 2651 977 2703 tum
990 2645 1080 2720 impe·

146 2771 148 2777 ,
211 2749 288 2804 rator
302 2743 399 2818 populi
425 2743 560 2812 Romani,
574 2743 621 2800 vir
633 2741 818 2811 clarissimus,
831 2745 901 2800 sleoa
914 2743 1022 2817 patrios
1035 2762 1079 2802 re·

211 2843 343 2916 portabat
366 2842 545 2914 Segestanis,
569 2859 607 2898 ex
631 2843 701 2898 urbe
725 2840 850 2899 boatium
873 2847 1078 2916 recuperatos:

211 2954 289 2996 nuno
311 2956 349 2994 err
363 2940 433 2994 urbe
455 2939 596 2996 sociorum
610 2937 892 3013 ”praetorojusdem
911 2941 1011 3014 populi
1023 2925 1079 2998 tur·

157 3094 160 3102 ,
209 3033 343 3110 pissimus
353 3041 438 3110 atque
453 3035 669 3109 impurissimus,
682 3039 799 3095 eoadem
810 3038 875 3096 illos
883 3040 953 3096 deos
967 3039 1079 3098 nefario

238 3187 261 3222 ⁸⁷
278 3187 445 3248 Vidueqcrca
461 3187 668 3260 relaps‘emfirerttl
698 3189 756 3236 Mas.
793 3191 865 3238 uidam
885 3196 911 3238 ut
925 3191 969 3240 (iu.
989 3192 1076 3250 religio,

209 3247 268 3308 quod
276 3262 319 3294 non
330 3246 438 3308 displicet,
447 3248 574 3310 recepitque
582 3247 710 3295 iambmua.
732 3250 758 3295 ln
767 3205 818 3296 eid.
829 3265 862 3310 pr.
871 3254 897 3298 ut
906 3251 929 3297 iu
937 3251 978 3298 illo
986 3251 1076 3307 Codice,

209 3305 265 3352 haec
277 3307 436 3366 coniunguntur
445 3323 465 3367 q.
483 3323 503 3353 r.
515 3307 593 3363 suerit
607 3308 668 3364 opud
675 3307 806 3366 Segestanos.
838 3310 864 3356 ln
879 3323 923 3370 qua
935 3309 1077 3356 distinetione

209 3364 331 3410 necessario
340 3366 471 3412 servandum
481 3365 594 3424 religione.
611 3372 635 3412 et
642 3367 697 3413 haee
706 3365 818 3413 distinctio
827 3367 881 3414 mibi
891 3369 972 3428 placet.

238 3441 261 3472 ⁰⁰
275 3442 402 3502 amenus]
434 3444 492 3491 Mas.
504 3443 592 3505 quidam
601 3445 713 3502 adductos,
725 3449 751 3491 ut
760 3445 833 3492 etGu.
843 3445 929 3493 mebua

208 3518 360 3625 angraatcr
369 3519 467 3578 pesam
480 3521 541 3583 pop]
572 3522 681 3583 Ejusdem
698 3522 783 3572 delevit
800 3523 916 3583 Granius,
926 3527 1018 3572 au'ctore
1026 3521 1072 3572 Μι-
