2428 4212
355 345 428 397 scr.
444 340 753 398 u.n1anaou1urus.
931 353 995 416 249

129 509 290 552 nunnus
305 509 395 551 auur.
430 493 509 567 Quid
528 491 624 567 potius
649 492 682 551 ia
704 493 761 552 lrac
779 496 860 552 tanta
878 509 914 552 ac
934 499 996 554 taut

127 591 205 665 turpi
216 591 411 650 inconstantia
426 589 565 665 suspicari
584 607 741 664 possumus,
758 591 884 665 jndices,
905 585 995 667 qua'm

127 688 252 764 id,quod
265 707 384 748 necesso
397 697 450 757 est,
463 695 512 748 aut
525 689 575 748 isti
587 707 607 748 a
620 689 739 752 Netinis
749 691 913 764 pecuniam,
925 684 994 750 cuna

127 793 269 860 posceret,
292 805 351 846 non
377 790 492 846 datam
513 787 614 847 antid
637 805 702 846 ease
724 793 830 857 actum,
851 794 883 848 ut
906 791 991 848 intel-

127 885 252 959 ligerent
272 885 451 954 Mamertini,
472 887 549 948 bene
575 905 607 944 se
634 888 710 961 apud
723 875 810 944 unm
829 891 889 946 tom
901 889 994 946 multa

124 980 247 1056 ”pretia
260 999 296 1040 ac
308 1001 428 1041 munera
440 985 609 1051 collocasse,
621 1001 689 1044 cum
702 985 780 1044 idern
793 985 845 1044 alii
860 985 935 1059 juria
948 1003 988 1044 ox

126 1081 232 1138 eadem
245 1097 333 1160 carru
345 1097 406 1138 non
425 1079 590 1137 obtinerent
603 1077 616 1138 i

169 1177 230 1235 llic
243 1177 316 1234 milri
328 1177 419 1236 etiarn
432 1178 551 1235 audebit
563 1179 741 1238 mentionem
753 1180 848 1238 iacere
869 1180 994 1239 Mamer·

125 1273 208 1332 tinae
231 1272 429 1332 laudationis?
447 1275 481 1332 in
500 1291 557 1350 qua
569 1293 656 1350 quam
674 1278 765 1334 multa
785 1278 845 1334 sint
862 1280 993 1346 vulnera,

124 1372 190 1448 quis
201 1378 247 1430 est
259 1371 394 1441 vestrdrn,
400 1373 527 1447 judiees,
537 1373 607 1447 quin
617 1371 782 1447 intelligat?
793 1371 992 1442 “Primanus

115 1473 250 1546 judiciis,
263 1473 313 1549 qui
324 1475 428 1532 decem
442 1474 604 1531 laudatores
618 1473 687 1530 dare
700 1489 760 1530 non
772 1476 877 1545 potest.
890 1473 993 1530 hones

122 1571 182 1629 tius
196 1575 241 1629 est
253 1573 292 1641 ei,
310 1574 421 1631 nullum
433 1572 512 1640 dare,
525 1589 611 1646 quam
624 1571 707 1629 illum
727 1570 809 1645 quasi
830 1569 992 1644 legitimum

121 1685 275 1728 numerum
287 1670 503 1729 consuetudinis
518 1686 578 1727 non
591 1670 719 1742 explere.
761 1667 868 1726 'Potin
888 1668 994 1728 Sicilia

121 1765 264 1824 civitates
289 1771 366 1834 sunt,
388 1767 490 1840 quibus
517 1770 548 1823 tu
574 1783 626 1838 per
650 1764 807 1822 tdenuium
828 1765 992 1838 praefuisti:

121 1869 250 1939 arguunt
272 1869 404 1922 ceterae:
428 1879 540 1937 paucae
552 1866 583 1920 et
603 1879 721 1935 purae,
734 1867 812 1920 rnatu
836 1865 992 1937 repressas,

118 1961 309 2020 silentunns
331 1962 439 2020 laudat.
480 1961 547 2020 Hoc
571 1959 640 2034 quid
661 1963 715 2028 est,
735 1959 794 2018 nisi
818 1960 992 2034 intelligere,

115 2059 191 2136 qnid
214 2060 320 2117 habeat
332 2058 466 2116 utilitatis
488 2074 560 2114 vera
583 2058 727 2128 laudatio;
747 2059 799 2116 aed
829 2062 928 2116 tamen
948 2057 991 2116 ita

114 2156 290 2233 provinciae
300 2155 465 2231 praefuisse,
484 2158 518 2212 ut
537 2155 595 2214 lrac
616 2155 742 2214 utilitate
765 2155 930 2214 aecessuio
950 2155 989 2212 sit

116 2251 302 2314 carendum?
322 2253 451 2319 Deinde,
463 2252 496 2309 id
508 2255 584 2326 quod
597 2252 656 2310 alio
668 2254 735 2308 loco
747 2256 816 2310 ante
829 2252 902 2320 dixi,
914 2269 989 2326 quoe

114 2359 163 2411 est
176 2353 236 2409 ista
249 2351 367 2408 moen
379 2348 517 2418 laudatio,
530 2349 622 2422 crpus,
631 2348 804 2407 laudationis
814 2349 904 2422 legati
913 2349 989 2421 prin

115 2451 212 2524 cipes,
232 2453 263 2506 et
276 2447 392 2522 publice
410 2446 465 2506 tibi
476 2433 586 2504 novera
605 2445 839 2513 aedificatam,et
851 2445 989 2518 privatior

115 2567 151 2606 se
166 2548 248 2621 ipsos
261 2547 313 2604 abs
326 2549 357 2602 te
370 2544 506 2619 spoliatos
529 2543 730 2616 expilatosque
746 2561 810 2600 esse
829 2541 988 2602 dixerunt?

114 2647 273 2704 Postremo
286 2643 355 2717 quid
368 2642 447 2700 aliud
460 2640 509 2698 isti
522 2639 642 2708 iaciunt,
654 2642 761 2696 oumte
780 2640 836 2698 soli
855 2658 894 2698 ex
914 2639 988 2698 Sici-

113 2743 158 2802 lia
173 2742 306 2808 landant,
319 2739 377 2798 nisi
388 2736 555 2796 testimonio
567 2735 652 2794 nobis
674 2741 751 2802 sunt,
768 2741 797 2792 te
819 2736 919 2794 omnia
931 2737 988 2796 sibi

113 2859 185 2899 ease
195 2837 339 2912 largitum,
351 2852 425 2910 quae
438 2839 470 2892 tu
482 2836 520 2892 de
533 2834 680 2908 republica
693 2837 791 2892 nostra
803 2834 987 2896 detraxeris?

113 2939 207 3012 Quae
220 2936 337 2992 colonia
349 2937 394 2992 est
406 2933 439 2990 in
452 2932 540 2990 ltalia
561 2937 621 2992 tarn
644 2934 720 2992 bono
736 2932 813 3005 jure,
826 2936 902 3007 quod
926 2939 986 2994 nm

110 3039 249 3096 immune
262 3031 460 3106 municipium,
472 3031 548 3105 quod
561 3049 613 3104 per
622 3032 713 3090 hosce
724 3049 817 3090 annos
830 3036 889 3110 um
909 3050 986 3090 com-

109 3136 204 3195 moda
217 3131 373 3188 vacatione
386 3129 424 3188 sit
437 3145 519 3188 usum
537 3130 666 3188 omniurn
686 3147 788 3196 rerum,
812 3147 898 3203 quam
922 3129 985 3190 Ma·
1026 3163 1033 3170 ·

110 3231 243 3291 rnertina
265 3228 372 3287 civitas
385 3244 437 3301 per
446 3227 603 3286 mensium
616 3225 712 3290 l¹soli
722 3245 760 3284 ex
773 3227 889 3284 loedere
909 3229 986 3299 quod

108 3327 521 3398 debueruntnondederuut:
535 3325 599 3394 soli,
621 3324 679 3382 isto
696 3328 836 3399 praetore,
856 3325 985 3388 omnium

140 3483 166 3517 ’Ν
178 3481 337 3542 mura]
352 3495 374 3526 r.
385 3479 450 3526 (ilar.
460 3475 594 3536 inprttr'rora
625 3476 733 3524 Graevius
740 3491 781 3539 per
796 3478 918 3540 luendi-odyn
927 3479 982 3530 acci·

105 3543 145 3607 p't
154 3555 201 3603 pro
211 3539 323 3600 predonis
332 3537 466 3586 ruttuelibus.¹

137 3622 162 3654 ⁷¹
179 3619 296 3674 Primam,
305 3617 402 3677 ojus]
433 3617 492 3662 lidd.
503 3631 537 3678 pr.
548 3616 639 3664 etMsr.
658 3616 727 3664 etiam
742 3617 785 3664 (iu.
799 3623 826 3664 ut
839 3617 981 3677 dijudicia‘r,

105 3673 927 3746 mamistenuemuitmiailmuoaeimpmoao
