2486 4212
363 294 435 345 am.
452 293 483 343 ΙΙ.
498 289 595 342 mana
609 286 769 346 cunnus.
941 289 1006 354 133

144 437 325 515 ingeniosum
344 446 429 518 atque
448 440 671 516 intelligentem,
691 454 793 497 vetum
811 433 899 494 etiam
911 449 1008 509 quem·

146 537 193 594 vis
208 538 344 608 nostrdm,
364 559 434 616 quos
447 540 502 596 iste
516 539 621 624 idiotps
634 538 771 612 appellat,
789 537 934 593 delectare
948 548 1013 620 pos·=

146 641 228 693 sent:
249 656 334 695 unum
349 637 510 711 Cupidinis,
527 653 726 704 marmoreum,
739 632 912 692 Praxitelia:
927 628 1011 688 nimi·

149 749 210 790 snm
232 735 321 794 didici
345 736 444 804 etiam,
467 737 536 792 dum
557 735 589 791 in
616 734 703 790 istum
729 729 852 806 inquiro,
872 729 1014 786 artificum

150 832 283 889 nomina:
306 833 394 900 idem,
414 833 527 907 opinor,
543 832 648 890 artifex
666 828 875 905 ejusdemmodi
897 825 1014 900 cupidi·

150 945 217 986 nem
230 930 299 987 tecit
312 931 404 998 illum,
414 933 464 1005 qui
477 937 523 986 est
533 930 682 1003 Thespiis,
692 937 808 1004 propter
821 944 906 1003 quem
921 926 1016 984 Thea·

150 1026 217 1100 piae
233 1027 374 1084 visuntur.
387 1046 453 1084 nam
468 1028 525 1083 atis
539 1027 653 1085 visendi
666 1045 753 1086 causa
774 1029 855 1086 nulla
864 1030 918 1082 eat.
960 1024 1018 1082 lta·

153 1140 208 1196 qne
234 1123 285 1179 itte
306 1125 342 1181 L.
368 1123 535 1190 Mummius,
558 1141 624 1182 cum
648 1123 862 1200 'Thespiadas
885 1139 959 1198 quae
979 1120 1019 1180 ad

157 1221 261 1277 aedem
289 1221 453 1278 Felicitatis
482 1225 558 1288 sunt,
584 1225 735 1294 ceteraque
761 1222 880 1294 protana
902 1239 941 1277 ex
967 1220 1020 1276 itio

156 1317 262 1390 oppido
281 1319 363 1393 signa
384 1321 506 1386 tolleret,
527 1319 605 1375 hunc
624 1336 813 1376 marmoreum
835 1318 1020 1390 cupidinem,

157 1417 233 1491 quod
257 1421 318 1474 erat
339 1423 534 1483 consecratus,
552 1433 612 1474 non
639 1416 746 1492 attigit.
794 1417 915 1484 Venim,
937 1421 969 1474 ut
986 1415 1055 1476 aaa
1167 1429 1171 1436 ‘

156 1513 228 1572 ittud
248 1516 402 1574 sacrarium
422 1517 546 1582 redeam,
560 1515 674 1589 signum
691 1519 753 1571 erat
767 1515 832 1584 hoc,
851 1515 928 1590 quod
948 1513 1025 1582 diuo,

156 1612 309 1685 Cupidinis
323 1633 340 1670 e
354 1631 509 1671 marmore:
524 1632 563 1671 ex
578 1615 669 1670 altera
685 1618 766 1686 peste
780 1613 931 1682 Hercules,
945 1631 1025 1688 egre·

154 1708 203 1784 gie
225 1707 335 1768 ’tactus
358 1729 397 1766 ex
411 1729 486 1767 aere.
514 1711 540 1767 is
562 1710 713 1766 dicebatur
736 1727 800 1766 esse
825 1710 970 1784 Myronis,
992 1715 1027 1768 ut

158 1807 276 1881 opinor:
290 1813 321 1864 et
333 1813 423 1865 certe.
446 1805 542 1864 ‘ltem
551 1811 619 1863 ante
633 1808 724 1864 hosce
737 1808 807 1864 deos
821 1815 905 1866 erant
918 1811 1025 1878 arulae,

155 1923 230 1980 quae
251 1905 346 1964 cnivis
373 1904 491 1962 sacrarii
514 1905 686 1978 relim'onem
708 1903 874 1978 significare
899 1911 1026 1979 possent.

159 2009 242 2062 erant
256 2019 347 2061 aenea
360 2009 510 2076 praeterea
522 2003 579 2059 duo
589 2002 680 2076 signa,
697 2019 757 2062 non
773 2003 912 2072 maxima,
927 2023 1028 2067 verum

163 2101 273 2160 esiinia
283 2106 447 2168 venustate,
461 2100 598 2175 virginali
611 2101 711 2160 habitu
724 2107 811 2177 atqua
824 2104 942 2172 vestitu,
954 2122 1029 2180 quae

159 2200 292 2258 manibus
305 2199 424 2256 sublatis
443 2216 525 2256 sacra
538 2201 688 2284 quaedam,
708 2217 788 2257 more
802 2203 1029 2261 Atheniensium

160 2298 317 2370 virginum,
338 2297 462 2369 reposita
483 2295 515 2353 in
539 2295 683 2370 capitibus
704 2298 894 2357 sustinebant.
935 2301 1030 2358 Gana-

161 2395 271 2469 phorce
284 2394 363 2467 ipsae
380 2395 566 2452 vocabantur.
578 2395 629 2452 sed
642 2411 740 2452 earnm
758 2397 907 2466 artificem,
921 2394 1030 2473 quemi

162 2489 338 2566 quemnam?
354 2497 433 2550 recte
451 2494 598 2560 admones,
611 2493 795 2566 Polycletum
806 2513 870 2552 esse
883 2496 1029 2557 dicebant.

163 2589 332 2650 Messanam
352 2597 383 2648 ut
402 2592 520 2665 quisque
539 2588 668 2647 nostrum
687 2597 817 2659 venerat,
835 2594 910 2649 haec
934 2594 1032 2652 visere

163 2691 292 2746 nolebat:
313 2689 445 2746 omnibus
459 2688 533 2744 haec
552 2687 589 2742 ad
611 2685 763 2743 visendum
783 2690 921 2760 patebant
940 2690 1031 2764 qunti.

165 2785 232 2843 die:
247 2787 348 2842 domus
364 2789 427 2841 erat
441 2801 499 2839 non
521 2782 638 2839 domino
652 2783 742 2856 magis
755 2792 934 2855 ornamento,
947 2805 1031 2863 quam

166 2881 294 2941 civitati.
335 2881 372 2939 (i.
386 2880 535 2950 claudius,
548 2879 630 2955 cujus
644 2880 822 2941 aedilitatem
845 2885 1031 2962 magnificen-

197 3034 432 3152 ’Ἧι
226 3034 829 3099 sssspmdaaiscmcteedidittinaeviusevesngi
748 3043 849 3099 ιι
864 3041 961 3113 eddpr
974 3055 1032 3104 quae

167 3093 252 3142 habent
395 3099 419 3142 et
438 3095 485 3142 Ma
506 3095 562 3155 Reg.
574 3096 622 3143 Ms.
605 3097 1033 3160 sonahhetpammmmmd

168 3153 402 3215 primumcumeec.
433 3155 503 3214 Vulg.
515 3155 656 3212 unqua

197 3232 406 3302 Undecumque]
438 3231 520 3280 Delevi
529 3232 749 3289 mmGraevioest5
769 3234 1029 3294 quodnoneatincdd.

167 3290 396 3352 pnneeinMaGn.
408 3291 573 3352 necperlatim
565 3290 802 3352 tatemsmrepotest

169 3367 357 3474 mate]
385 3367 1031 3436 immensusqueinmensusque

209 3522 323 3567 vom.
587 3509 625 3564 12
