2418 4208
199 305 263 370 ,ω
546 295 737 352 ruvnaacrr
769 307 772 316 ’

196 451 275 510 hm:
296 454 394 508 tamen
407 445 505 507 omnia
518 451 599 508 muta
611 451 696 524 atquc
714 443 853 514 inanima,
864 444 947 504 tanta
959 447 993 504 ct
1005 446 1076 504 tam?

196 547 318 623 indigna
330 565 425 606 rerum
435 547 586 606 atrocitate
597 549 856 604 commoverentur.
889 543 979 600 Nunc
991 555 1074 602 vero'

195 663 263 706 cum
287 649 385 723 loquar
406 647 482 720 apud
505 649 653 704 senatores
675 640 774 716 populi
796 641 932 708 Romani,
956 643 1073 716 legum,

188 743 433 820 iudiciorumque,
446 742 557 818 etjuris
571 746 711 808 auctores,
721 739 824 797 timere
839 755 900 797 non
909 739 1011 812 debeo,
1025 757 1065 796 ne

194 859 254 902 non
269 860 342 902 uuor
356 843 412 902 iate
430 841 505 900 civis
519 842 665 900 Romanus
678 839 730 895 illa
743 854 831 894 cruce
845 837 958 912 dignus,
970 835 1062 894 ceteri

194 956 297 1000 omnen
306 940 394 998 simili
405 940 532 1014 periculo
541 935 739 1011 indignissimi
746 934 924 1007 judicentur.
958 933 1063 992 Paullo

193 1042 273 1104 ante,
288 1038 413 1110 judices,
427 1039 570 1110 lacrymas
583 1035 615 1092 in
638 1037 730 1092 morte
752 1033 857 1090 misera
870 1037 957 1106 atque
970 1031 1065 1108 inuig-

194 1134 314 1194 niaaima
337 1133 549 1192 navarchorum
574 1149 633 1190 non
657 1133 841 1200 tenetentum
869 1135 901 1186 ct
923 1134 1004 1187 recte
1027 1147 1064 1188 co

194 1232 298 1293 merito
308 1232 453 1290 sociorum
460 1228 660 1290 innocentium
669 1227 785 1286 miseria
794 1229 1063 1286 commovebamur:

195 1329 264 1406 quid
278 1330 396 1388 nuncin
408 1334 505 1388 uoatro
515 1327 655 1404 sanguiue
666 1327 783 1383 tandem
795 1326 892 1384 lacere
902 1323 1064 1384 debemur?

195 1446 264 1488 uam
284 1429 395 1487 civium
415 1429 610 1486 Romanorum
630 1424 745 1498 sanguis
768 1425 944 1498 conjunctus
964 1423 1066 1482 existi·

195 1529 390 1586 manducent:
411 1524 546 1598 quoniam
560 1524 590 1580 id
610 1529 640 1580 et
661 1521 762 1580 salutis
784 1520 913 1578 omnium
935 1521 1019 1590 ratio,
1032 1527 1063 1580 et

195 1622 331 1680 ''veritm
345 1624 479 1694 postulat.
500 1639 602 1678 omnes
622 1621 677 1678 hoc
698 1622 765 1677 loco
778 1618 861 1676 cives
876 1618 1013 1688 Romani,
1032 1624 1066 1678 et

195 1719 245 1796 qui
258 1721 371 1789 adsunt,
383 1724 414 1777 et
427 1719 476 1796 qui
495 1719 666 1794 ubicumque
687 1721 763 1786 eunt,
777 1721 905 1774 vestram
925 1716 1064 1779 reverita·

195 1824 256 1878 tem
279 1819 453 1888 desiderant,
477 1823 604 1876 vestram
629 1817 717 1874 tidem
743 1816 908 1890 implorant,
934 1821 1067 1875 vestrum

195 1918 337 1976 auxilium
350 1918 513 1992 requirunt:
534 1914 638 1974 omnia.
653 1899 706 1972 sua
721 1914 797 1987 jura,
816 1915 981 1982 commoda,
992 1933 1062 1973 aux·

195 2014 257 2082 ilia,
276 2019 366 2071 totam
386 2013 511 2087 denique
535 2012 698 2071 libertatem
720 2011 756 2086 in¹
776 2013 881 2069 vestris
910 2013 1066 2072 sententiis

195 2108 305 2167 versari
331 2109 511 2166 arbitrantur.
564 2111 594 2166 A
620 2127 677 2177 me,
706 2108 822 2168 tametsi
849 2109 919 2166 catio
943 2111 1064 2181 habent,

194 2212 304 2276 tamem
316 2203 337 2238 ²³
347 2205 372 2264 ai
382 2205 522 2266 feraliter
532 2205 681 2276 acciderit,
692 2209 756 2281 plus
771 2209 918 2266 habebunt
931 2209 1065 2279 tortasse,

194 2323 281 2384 quam
302 2309 456 2384 postulant
477 2323 546 2365 nam
569 2306 625 2364 etei
646 2323 702 2381 qua
726 2305 772 2363 vis
794 2305 882 2364 istum
902 2307 939 2364 de
963 2313 1063 2368 vestra

195 2405 353 2464 severitate
374 2405 519 2480 eripuerit,
542 2405 573 2464 id
595 2407 672 2478 quod
693 2421 786 2478 neque
811 2410 917 2474 metuo,
935 2405 1064 2479 judicer,

194 2521 290 2578 neque
303 2505 363 2560 ullo
376 2504 462 2560 modo
474 2501 537 2560 fieri
558 2519 641 2576 posse
663 2502 766 2560 video:
786 2503 839 2559 sed
852 2503 879 2560 si
897 2503 929 2561 in
943 2505 1000 2563 hoc
1013 2523 1062 2563 me

151 2597 157 2603 ”
194 2601 269 2660 ratio
283 2600 433 2669 fefellerim
457 2599 549 2658 Siculi
558 2617 674 2658 causam
685 2617 766 2658 suam
779 2599 888 2674 perisse
900 2607 1064 2677 querentur,

195 2704 227 2758 ct
237 2715 350 2758 mecum
361 2699 468 2773 pariter
480 2701 600 2758 moleste
614 2699 721 2757 serent:
742 2699 863 2772 populus
873 2700 990 2774 quidem
1004 2701 1062 2759 Ro·

195 2815 297 2856 manue
312 2796 404 2866 brevi,
412 2797 547 2872 quoniam
555 2797 627 2856 mihi
638 2801 809 2872 potestatem
824 2777 900 2872 apud
909 2818 942 2858 ae
955 2799 1064 2874 agendi

195 2895 284 2969 dedit,
292 2895 340 2968 jus
355 2913 445 2962 suum,
460 2912 506 2951 ma
520 2899 635 2970 agente,
648 2894 707 2954 suis
720 2897 861 2976 suffragiis
880 2897 978 2956 “ante
992 2897 1064 2956 Kal.

196 2993 367 3054 Februarias
395 2993 584 3066 recuperabit.
632 2997 691 3064 Ac,
715 2996 741 3053 si
766 2999 803 3054 de
826 3015 892 3058 mea
915 2996 1008 3072 gloria
1030 3000 1061 3054 et

195 3145 235 3195 ced
245 3147 291 3204 ejua
300 3143 350 3192 loco
363 3147 390 3200 et,
400 3145 459 3215 qaod
468 3145 543 3214 tumen
557 3157 602 3192 non
617 3149 695 3207 aptum
712 3127 777 3196 cath.
788 3151 805 3197 l.
835 3149 900 3198 Haec
908 3151 944 3196 eut
952 3148 982 3194 ab
991 3147 1062 3205 Aldn,

195 3206 235 3256 ced
244 3210 326 3264 tamen,
336 3208 363 3252 ut
371 3218 458 3266 opmor,
468 3218 482 3250 e
491 3203 561 3251 lubus.
577 3219 629 3252 nam
639 3210 662 3252 et
670 3205 714 3254 Gu.
723 3207 799 3254 habet.

225 3285 248 3318 ⁸²
262 3285 342 3331 venitm
350 3283 468 3347 munium]
500 3281 581 3330 Deleri
590 3299 639 3330 cum
649 3283 863 3334 Graevioemuium.
874 3300 888 3331 a
898 3283 961 3332 libris
972 3259 1064 3345 quibua

196 3343 249 3390 dam
258 3347 314 3388 utet
323 3342 366 3390 Gu.
378 3343 448 3397 abent,
459 3345 483 3388 et
492 3342 530 3388 vel
539 3342 589 3388 uiue
597 3343 658 3390 libus
667 3345 786 3392 delendum
794 3349 860 3392 emt.

225 3421 248 3452 ⁸³
262 3420 325 3466 eirca
333 3422 399 3490 aliter
406 3420 539 3526 ceciderit&
562 3420 672 3468 Uritatius
684 3423 743 3468 forat
758 3423 859 3493 ειςὶἀοήλ
865 3438 881 3479 a
891 3420 933 3468 nisi
947 3420 1063 3492 riclessqm

197 3480 260 3527 dum:
271 3489 322 3524 narn
328 3483 352 3523 et
359 3479 524 3524 alubrhaecver
540 3481 710 3528 aecnfuuacunt
728 3479 1061 3530 ltavudclauturettlurlrclmo.

166 3615 169 3619 .
226 3556 249 3590 ¹⁴
262 3555 466 3614 evacuaturia]
496 3555 572 3606 Primo
581 3559 657 3608 statim
666 3560 786 3610 aedilitatis
795 3575 859 3610 mccc
867 3573 949 3610 meato
993 3565 996 3574 “
