2428 4212
378 373 450 423 ACT.
467 373 496 421 ll.
522 369 621 420 LlBBR
634 367 796 423 QUARTUS.
946 367 1007 430 2οῘ

145 526 234 581 ullum
247 523 370 598 denique
384 526 583 580 ornamentum
597 521 685 586 urbis,
704 535 756 576 sua
776 517 927 574 voluntate
951 509 1011 570 oui·

147 639 232 696 quam
256 623 396 679 vendidit.
428 621 485 679 nisi
510 621 585 677 torte
614 617 798 683 existimatis,
822 617 1010 689 posteaquam

33 720 36 727 “
139 719 250 792 judicia
265 737 366 776 severa
382 721 492 777 Romae
506 719 568 777 lieri
577 719 725 784 desierint,
737 717 866 773 Graecos
877 711 1010 769 homiues

143 819 216 875 haec
240 819 391 876 venditare
412 820 554 892 coepisse,
575 835 648 893 quae
676 823 737 874 tum
761 833 820 872 noo
842 814 928 870 modo
950 825 1009 868 noo

143 917 342 986 venditabant,
356 935 422 976 oum
430 917 544 990 judicia
557 919 674 983 liabent,
687 933 786 974 vemm
798 913 887 972 etiam
896 910 1010 970 ooiime·

143 1017 230 1073 bant:
250 1015 270 1048 ⁸¹
280 1021 330 1073 aut
343 1016 401 1073 nisi
414 1017 600 1085 arbitramini,
614 1019 649 1076 L.
661 1017 776 1084 Crasso,
788 1016 824 1087 Q.
836 1011 1010 1076 Scaevolae,

144 1115 180 1173 C.
196 1115 330 1182 Claudio,
344 1116 550 1188 potentissimis
565 1117 863 1191 hominibusipsorum
878 1115 1011 1173 aedilita-

145 1217 189 1269 tes
200 1214 397 1270 ornatisslmas
411 1213 546 1281 vidimus,
564 1216 769 1273 commeroium
782 1215 900 1272 istarum
914 1231 1010 1272 rerum

142 1327 210 1367 oum
225 1310 345 1369 Graecis
360 1311 523 1368 hominibus
537 1330 597 1369 noo
612 1312 715 1392 luisse:
736 1312 781 1380 iis,
795 1313 843 1387 qui
857 1319 920 1385 post
929 1313 1006 1387 judi·

91 1407 93 1410 ’
142 1411 252 1466 ciorum
264 1411 482 1468 dissolutionem
496 1412 606 1469 aediles
617 1411 687 1468 laeti
700 1417 775 1478 sunt,
790 1411 887 1467 luisse.
922 1413 1011 1468 Aoer·
1021 1409 1063 1470 60

144 1509 253 1565 biorem
267 1511 355 1566 eliam
370 1510 475 1568 scitote
489 1529 553 1568 esse
567 1510 735 1568 civitatibus
756 1511 857 1568 lalsam
874 1500 961 1567 istam
981 1515 1012 1568 et

142 1607 306 1666 simulatam
321 1609 487 1678 emtionem,
500 1627 585 1685 quam
599 1609 700 1684 siquis
714 1612 790 1666 elam
804 1609 946 1682 surripiat,
961 1615 1011 1667 ant

129 1691 246 1780 'eripiat
258 1711 362 1780 palam,
376 1714 461 1782 atque
482 1711 601 1766 auferat.
621 1727 689 1766 nam
711 1707 916 1782 turpitudinem
936 1727 1011 1766 sum·

142 1824 221 1864 marn
243 1825 307 1863 esse
334 1807 515 1873 arbitrantur,
538 1807 636 1864 reterri
670 1807 702 1863 in
735 1807 846 1863 litteras
870 1807 1010 1878 publicas,

140 1906 236 1980 pretio
250 1905 402 1963 adductam
417 1905 578 1974 civitatem,
592 1909 622 1962 et
635 1905 729 1978 pretio
741 1921 842 1978 parvo,
865 1923 910 1972 ea,
938 1921 1010 1978 quae

141 2005 305 2079 accepisset
328 2022 345 2061 a
372 2003 535 2078 majoribus,
559 2002 728 2061 vendidisse
750 2009 837 2079 atque
856 2004 1009 2061 alienasse.

142 2105 252 2162 etenim
266 2105 427 2162 mirandum
440 2103 471 2161 in
485 2103 601 2161 modum
616 2103 725 2160 Graeci
738 2105 821 2160 rebus
842 2103 915 2171 istis,
939 2121 1008 2178 quas

141 2221 193 2261 nos
207 2203 429 2270 contemnimus,
440 2202 630 2259 delectantur.
672 2203 773 2275 ltaque
785 2203 907 2275 maiores
919 2202 1009 2260 nostri

141 2301 227 2358 laoile
238 2303 430 2374 patiebantur,
443 2301 516 2357 liaeo
530 2317 594 2357 esse
608 2317 693 2374 quam
706 2300 829 2374 plurima
848 2302 922 2373 apud
937 2301 1010 2357 soei·

140 2415 183 2465 os,
194 2404 226 2455 ut
238 2399 360 2471 imperio
371 2404 467 2456 nostro
477 2415 561 2472 quam
572 2397 750 2455 ornatissimi
759 2396 1009 2472 florentissimique

140 2501 257 2554 essent:
272 2498 347 2570 apud
361 2514 411 2553 eos
424 2502 529 2564 autem,
538 2513 608 2570 quos
617 2497 778 2572 vectigales
792 2507 842 2554 aut
852 2496 1008 2571 stipendia·

139 2595 199 2653 rios
209 2596 346 2663 leoerant,
357 2601 454 2652 tuanen
468 2596 541 2652 haee
552 2595 803 2670 relinquebantur
812 2597 867 2663 illi,
879 2595 1007 2670 ”quibus

141 2711 179 2751 ea
193 2695 407 2767 jucundasunt,
421 2711 494 2768 quae
509 2693 593 2752 nobis
607 2691 688 2749 levia
712 2695 856 2761 videntur,
868 2695 1008 2751 haberent

138 2793 213 2850 haee
227 2794 450 2859 oblectamenta,
464 2798 494 2848 et
515 2792 619 2848 solatia
639 2791 796 2864 servitutis.
838 2791 915 2864 Quid
936 2794 1008 2850 arbi·

139 2890 257 2950 tramioi
271 2889 429 2964 Rheginos,
442 2890 492 2964 qui
509 2890 572 2963 jam
593 2890 677 2948 oives
689 2889 813 2946 Romani
826 2896 901 2960 sunt,
920 2889 1007 2950 uinae·

168 3045 189 3076 ⁶¹
203 3043 365 3114 uutrddorll
395 3043 690 3092 AutmmGraevioeMs.
701 3044 740 3092 Fr.
754 3049 779 3090 et
787 3045 831 3093 (lu.
843 3047 923 3110 recepi.
947 3048 1006 3118 M.⁰¹

137 3119 165 3150 ex
175 3104 253 3149 εοᾱεω
263 3103 426 3150 dissolutorem
434 3118 476 3164 pro
490 3104 549 3164 wlg.
570 3105 730 3153 άὺωὶυἰίοπω.
761 3104 875 3152 Veritatis
889 3133 899 3142 -
913 3107 1006 3164 -sursrr

138 3162 267 3208 excidemnt
274 3161 298 3208 in
308 3161 355 3209 Ms.
367 3162 411 3209 Ge.
422 3162 520 3209 moseia
530 3168 618 3224 promtu
628 3168 669 3209 est.

153 3241 191 3311 ’ξ’
204 3240 285 3310 praa
294 3241 434 3311 cajum
443 3245 565 3299 aetna
578 3266 588 3274 -
602 3265 612 3273 -
626 3227 876 3312 manseramus]
891 3241 1005 3346 Tempora

136 3303 218 3346 mtrose
236 3301 376 3345 dissentiunt.
407 3300 453 3344 Ser.
473 3305 513 3345 aut
526 3304 600 3354 euenl,
610 3301 749 3355 vadarentur,
764 3303 804 3344 aot
815 3300 935 3346 ordenare:
949 3301 1005 3348 llud

138 3357 218 3406 melios
227 3358 335 3404 consentit
348 3371 398 3404 eum
415 3358 534 3404 totum.-
555 3358 598 3403 hoe
615 3357 693 3414 leutius,
713 3361 738 3402 et
758 3371 786 3426 ex
800 3371 893 3418 persona
911 3361 1004 3408 oratoris

137 3417 229 3464 dietum,
259 3416 345 3478 Reoepi
354 3417 467 3472 uum,
476 3416 536 3477 quod
546 3415 569 3461 in
580 3416 626 3462 Ma.
638 3417 682 3464 Gu.
693 3429 774 3476 repen.

168 3495 192 3528 ω
205 3495 481 3552 Μανευάὶι,ιιίιιῠειέ,
497 3498 539 3540 ete.
551 3494 710 3552 rutldurupum,
721 3495 776 3557 ele]
808 3495 833 3542 lo
909 3512 937 3544 ue
951 3499 1002 3546 edd.

136 3569 172 3617 pr.
191 3555 328 3600 adduntue:
346 3569 374 3599 ne
388 3557 507 3614 ausemhu·
520 3581 530 3588 -
543 3579 553 3589 -
566 3581 575 3588 -
589 3558 652 3599 tulna
668 3553 754 3611 Europ.
772 3555 838 3601 male.
855 3570 877 3601 v.
917 3557 961 3604 lav.
980 3559 1003 3603 in

134 3627 227 3660 were.
259 3613 318 3658 Mox
327 3613 490 3672 sedottrmpoat
500 3613 578 3660 lamb.
592 3611 676 3660 delevit
685 3612 768 3660 (ἔπιεν.
786 3629 800 3659 e
818 3613 866 3662 Ma.
939 3650 944 3660 .
961 3629 1002 3676 pro

134 3671 673 3734 dmspoeioo,sednousadsoerusnuone.
705 3672 919 3722 santonenses
964 3706 1001 3757 ,Ι

706 3811 919 3996 s
