2438 4206
245 293 287 356 ω
579 282 774 340 munnam
808 249 813 257 ’
853 333 860 350 ,

244 451 364 506 morum.
377 449 527 510 possmus
549 433 721 494 auctoritate
740 424 996 504 societatimeujus
1008 425 1111 490 litteris

243 533 360 604 utimur,
372 535 450 610 qnod
465 534 600 601 dicimus,
623 528 777 592 obtinere?
796 547 835 590 an
855 527 953 604 aliqua
978 526 1111 600 firmiora,

243 637 294 692 sut
317 633 452 708 graviora
469 634 633 710 quaerenda
653 627 742 688 sunt?
762 626 891 696 Vettius,
906 635 970 686 tuus
991 626 1109 688 tamilla·

191 731 232 794 72
244 731 387 804 rissimuss
407 733 535 800 Vettius,
549 737 614 790 tuus
628 729 731 796 ansts,
739 727 824 802 cujus
837 743 963 785 sororem
976 726 1062 784 habes
1077 725 1106 788 iu

241 831 435 900 matrimonio,
461 837 528 890 tuae
554 832 641 889 trater
667 827 764 888 uxoris
792 826 923 894 Vettius,
950 825 1038 884 irater
1063 825 1104 884 tul

240 931 409 1006 quaestoris,
426 928 579 990 ”tutetur
600 926 881 1002 impudentissimum
903 929 982 984 tuum
996 925 1109 997 furtum,

240 1027 488 1103 certissimumque
497 1031 680 1102 peculatum:
694 1023 776 1103 (nam
786 1041 843 1100 quo
856 1021 915 1082 alio
930 1023 1047 1084 nomme
1060 1043 1108 1098 pe·

145 1201 149 1212 ,
237 1125 345 1184 cuniae
366 1127 500 1200 publicae
524 1126 684 1185 foeneratio
700 1131 745 1183 est
758 1123 934 1198 appellanda
946 1119 972 1199 l)
992 1140 1104 1184 nassas

239 1242 388 1291 masos.
441 1224 463 1258 ⁸⁸
478 1225 611 1284 Scribam
635 1230 716 1284 tuum
738 1224 850 1291 dicunt,
877 1221 996 1290 Verres,
1022 1223 1104 1296 huius

237 1324 459 1401 perscriptorem
471 1324 679 1384 faenerationis
689 1322 794 1381 luisse:
809 1321 839 1380 ei
852 1337 964 1396 quoque
977 1321 1106 1396 magistri

237 1425 385 1486 minantur
397 1425 429 1484 in
441 1425 558 1484 litteris.
579 1423 600 1456 ⁰
614 1423 724 1480 etenim
737 1435 807 1480 casu
822 1417 960 1498 [scribae]
975 1426 1036 1480 tum
1048 1423 1105 1482 duo

237 1523 369 1594 magistri
391 1523 506 1580 luerunt
524 1539 595 1600 cunr¹
604 1522 719 1579 Vettio.
760 1521 853 1580 Binas
872 1521 1048 1580 centesimas
1067 1524 1104 1580 ab

236 1636 269 1678 se
283 1621 395 1677 ablatas
408 1611 559 1678 serendum
573 1637 633 1678 non
645 1623 767 1694 putant:
788 1625 819 1677 et
831 1625 910 1677 recte
920 1637 980 1678 uon
994 1625 1105 1694 putant·
1193 1685 1194 1706 χ

147 1701 152 1716 ’
237 1718 312 1792 Quis
326 1718 405 1778 enim
426 1719 482 1776 hoc
502 1719 574 1776 iecit
592 1716 749 1794 umquam?
767 1718 831 1794 quis
846 1716 970 1794 denique
985 1724 1106 1778 conatus
1193 1735 1194 1742 ¹

236 1817 402 1887 attinuere,
416 1823 466 1877 aut
486 1836 570 1892 posse
592 1817 655 1876 fieri
679 1817 832 1894 cogitavit,
846 1823 886 1885 ut,
900 1834 966 1876 oum
989 1823 1105 1878 senatus

236 1916 440 1993 ”publicanos
454 1935 538 1977 usura
558 1935 647 1993 saepe
661 1919 798 1994 juvisset,
811 1917 995 1993 magistratus
1009 1936 1028 1976 a
1041 1919 1107 1993 pub·

235 2083 276 2118 nec
285 2069 309 2117 in
319 2069 376 2118 Mes.
388 2073 478 2131 praeter
486 2085 554 2116 rmtrm
565 2071 587 2115 N
588 2075 655 2125 anull.
661 2074 721 2118 uncle
729 2077 843 2132 receptum
852 2077 893 2120 est.
904 2071 1062 2130 magistrumn
1071 2085 1106 2119 re·

234 2131 305 2177 tertm
325 2129 354 2175 nd
372 2128 515 2186 undositate5
530 2128 645 2184 literarum
663 2134 714 2189 post
728 2131 819 2184 mentio,
829 2144 856 2176 ea
885 2145 913 2176 ue
922 2138 1107 2178 consmunessum

234 2187 345 2245 magistris
355 2191 379 2234 et
389 2186 497 2234 societati.
528 2185 588 2235 Mox
596 2185 706 2236 Graevius
716 2202 744 2234 ex
751 2201 795 2235 uno
804 2188 851 2235 Ms.
883 2203 901 2236 r.
909 2188 974 2236 dedit
980 2203 1012 2235 on
1020 2191 1107 2248 yonis·

232 2251 411 2308 mmmm

265 2325 289 2359 ⁶⁷
303 2325 415 2386 testatum]
446 2323 498 2372 Hoc
506 2323 599 2370 verbum
608 2323 709 2370 additum
718 2327 754 2370 est
762 2339 776 2370 e
784 2324 832 2372 Ma.
843 2324 1008 2380 transituris
1018 2327 1108 2388 expleta

234 2385 324 2436 ncuna,
334 2388 360 2431 ut
369 2398 413 2430 non
423 2397 476 2444 opus
488 2383 515 2428 sit
525 2383 603 2439 stellis,
614 2383 707 2428 lammae
720 2382 827 2430 indicibus
842 2389 894 2431 ante
903 2385 979 2440 recito,
989 2393 1108 2446 quaesunt

233 2441 259 2490 in
268 2442 403 2490 Gruterians
413 2445 448 2488 ed.
480 2442 524 2488 Sed
541 2455 583 2499 ego
591 2439 667 2487 malim
677 2445 769 2488 testatur
778 2442 800 2488 in
810 2445 860 2499 tine,
871 2448 924 2488 ante
931 2442 1002 2491 recito
1011 2445 1073 2505 poni,
1083 2449 1108 2490 et

276 2505 284 2546 t
296 2501 444 2562 parenthesin.
477 2499 502 2546 ln
512 2500 560 2546 llis.
570 2499 648 2546 Lamb.
659 2500 689 2546 ad
699 2500 818 2560 marginem
828 2501 933 2562 seriptum
939 2506 1003 2548 erat:
1020 2503 1108 2550 indico-

260 2575 314 2608 rum
323 2575 344 2606 sc
358 2575 383 2605 oc
390 2564 440 2616 pulc
502 2573 555 2605 sum
563 2559 673 2615 mimum,
684 2560 744 2620 quod
753 2575 806 2608 sane
816 2573 893 2608 sonum
902 2559 1019 2608 Ciceronis
1029 2561 1106 2609 habet.

232 2619 268 2668 lta
277 2619 420 2681 interpungen
437 2634 472 2666 um
482 2623 541 2666 esset
549 2621 600 2679 post
608 2621 705 2665 mur.

262 2701 284 2734 ⁸⁸
299 2700 400 2747 Scribam
409 2697 542 2755 tuumdics't,
554 2696 640 2754 Verres,
649 2695 682 2758 la]
714 2697 856 2746 Senbendum
871 2698 957 2745 distent.
989 2699 1108 2747 Estcnim

232 2760 329 2831 epistola
346 2773 466 2806 communia
481 2756 649 2816 magistrorum
665 2760 690 2802 et
700 2756 722 2803 in
741 2757 881 2818 sequentibus
897 2767 935 2812 est,
948 2759 1108 2806 samaria

231 2819 312 2866 meis.
344 2818 383 2864 Sin
413 2818 464 2862 laris
484 2821 548 2861 natus
564 2820 598 2860 est
614 2830 641 2862 en
657 2829 691 2871 en,
725 2816 768 2860 uod
778 2815 825 2862 sine
835 2816 1012 2877 interpunctione
1021 2818 1107 2864 eratin

231 2875 294 2924 libn's
301 2833 475 2929 dicunfflmsa
486 2875 652 2934 retuleruntque
657 2874 686 2920 ad
715 2889 781 2930 mes,
786 2881 810 2919 et
819 2873 950 2934 singularem
958 2876 1015 2922 dicit
1022 2879 1104 2924 secere.

261 2954 285 2986 Θ
299 2953 379 2999 cimina
386 2966 439 2998 sosas
452 2951 536 2997 ambos
545 2955 593 2996 tum
607 2951 652 2998 duo
660 2951 770 3010 arogiotn',
780 2957 822 2999 etc.
865 2953 890 3000 ln
901 2953 934 3000 his
943 2955 1018 3002 nullus
1028 2971 1107 3003 sermm

232 3016 274 3060 est.
290 3010 342 3072 quid
360 3011 395 3057 hic
408 3011 492 3057 samios
507 3010 551 3056 dm
560 3010 677 3068 magistri?
696 3011 766 3057 lmmo
778 3027 789 3058 s
818 3012 824 3023 ”
851 3012 997 3060 edelendum.
1031 3013 1108 3070 Dicit,

232 3076 279 3119 tum
290 3085 341 3116 casu
351 3073 397 3114 tres
406 3068 523 3126 magistros
536 3066 608 3114 luisse.
639 3068 759 3116 Ordinarie
771 3085 839 3117 arnum
848 3071 978 3130 magistrum
988 3072 1109 3120 societatis
1194 3085 1195 3122 ἶ

230 3131 303 3184 fuisse,
314 3127 412 3188 pluribus
430 3127 482 3174 locta
499 3126 562 3172 unius
571 3127 682 3174 Ciceronis
697 3127 833 3188 intelligitur,
844 3135 867 3176 ut
877 3129 944 3177 Verr.
957 3130 986 3186 11,
997 3136 1035 3179 ⁷4.
1046 3145 1073 3178 v.
1084 3137 1111 3178 et

231 3191 306 3236 Rnrnr.
319 3189 347 3231 cle
356 3187 443 3246 Vectig.
456 3203 475 3247 p.
490 3190 538 3234 134.
559 3187 618 3233 unde
633 3195 657 3234 et
668 3203 712 3246 pro
727 3189 833 3250 nug-istro
842 3188 930 3236 dicitur.
962 3190 1043 3252 ltaque
1053 3205 1111 3238 ver·

230 3247 283 3297 bum
293 3247 335 3295 hoc
343 3246 404 3295 uncis
412 3245 498 3294 inclusi.

260 3329 282 3359 7⁰
295 3325 422 3382 pellicatus
431 3341 503 3374 rouro
512 3339 573 3382 saepe
577 3323 689 3387 juvisset]
720 3325 818 3374 Gronov.
830 3328 859 3374 cic
868 3327 925 3374 Sest.
938 3326 979 3383 tv.
989 3331 1012 3375 3.
1033 3329 1112 3376 corr-i-

230 3386 271 3444 git,
290 3401 388 3442 unsara,
408 3383 532 3446 probatque
548 3383 664 3432 Graevius.
695 3387 756 3434 Scire
765 3387 841 3443 velim,
856 3387 969 3448 quomodo
987 3389 1113 3436 aerarium

230 3457 321 3489 versura
327 3443 411 3498 juverit
421 3442 554 3511 publicanos.
585 3445 730 3492 Manifestum
740 3451 811 3493 estex
821 3445 999 3503 ratiocinatione,
1010 3446 1115 3494 Cicero·

229 3517 280 3550 nem
289 3500 363 3547 dicere
368 3501 463 3547 volursse
472 3520 476 3546 :
488 3518 537 3550 cam
543 3503 651 3550 aerarium
659 3517 673 3549 a
680 3505 802 3564 publicanis
810 3507 886 3552 foenus
894 3521 936 3552 non
945 3505 1059 3565 exegerit,
1068 3506 1114 3554 sed

231 3575 297 3624 saepe
306 3559 422 3622 pemnisrn
430 3558 477 3608 sine
485 3563 576 3609 foenore
591 3561 686 3616 dederit,
696 3561 791 3613 Verrem
807 3565 879 3613 multo
896 3565 968 3614 minus
981 3579 1069 3614 usuras
1079 3565 1116 3614 ab
