2460 4200
367 367 438 418 scs.
456 369 486 420 rr.
501 329 761 419 unsaramma
954 373 994 434 αι

132 517 326 578 condemnare
344 522 471 590 possent.
512 517 599 575 Hanc
612 522 643 575 tu
659 517 811 574 licentiam
824 513 1052 589 diripiendo-18

134 635 198 675 rum
211 621 350 674 aratomm
368 633 436 674 cum
455 616 633 685 decumanis,
648 617 703 673 hoc
716 622 771 684 est,
786 615 917 690 Apronio
936 633 999 689 per·

135 714 270 781 misisses,
284 719 324 783 ut,
344 719 482 789 quantum
502 717 602 782 vellet,
623 722 772 788 posceret:
793 720 930 790 quantum
950 730 999 788 po·

134 814 283 887 poscisset,
297 813 438 871 auferret:
460 814 515 871 hoc
534 813 588 871 tibi
608 813 783 871 defensionis
802 811 999 887 adjudicium

134 915 213 970 tuum
226 914 421 986 comparabss,
435 913 568 970 habuisse
588 919 618 970 te
633 912 770 980 edictum,
784 917 1000 984 recuperatores

132 1009 293 1067 datur-um
285 1029 316 1067 m
337 1009 506 1084 octuplum?
527 1011 560 1069 Si
580 1014 743 1070 mehercule
762 1029 800 1070 ex
820 1011 900 1069 omni
913 1010 1000 1084 copis

132 1113 296 1166 conventus
318 1109 503 1181 Syracusani,
515 1111 810 1200 splendidissimorum
831 1111 997 1168 honestissi-

132 1222 299 1279 morumque
312 1206 470 1274 hominum,
489 1207 597 1266 iaceres
611 1216 782 1281 potestatem
802 1209 917 1277 aratori,
938 1227 998 1268 non

131 1305 220 1362 modo
240 1304 402 1378 rejiciundi‚
424 1305 475 1362 sed
500 1305 589 1362 stiam
611 1307 744 1364 sumendi
767 1313 997 1379 recuperatoresr

130 1407 228 1460 tamen
243 1404 299 1460 hoc
313 1421 422 1460 novum
442 1421 534 1476 genus
555 1403 680 1478 injuriae
700 1405 773 1460 terre
793 1421 879 1461 nemo
893 1407 998 1476 posset,

130 1507 170 1570 te,
184 1521 251 1560 cum
264 1509 327 1560 tuos
346 1521 448 1560 omnes
471 1504 579 1562 fruetus
603 1505 757 1576 publicano
777 1506 953 1572 tradidisses,
967 1508 998 1563 et

129 1617 191 1658 rem
204 1603 241 1659 de
256 1597 386 1660 omnibns
400 1603 555 1670 amisisses,
568 1606 628 1660 tum
649 1605 725 1660 bona
744 1608 794 1659 tua
808 1611 948 1676 repetere,
960 1620 997 1662 ac

131 1701 264 1773 persequi
275 1701 326 1756 iite
336 1708 420 1774 atque
429 1700 550 1772 judicio.
592 1701 668 1759 Cum
678 1719 747 1756 vero
757 1704 846 1758 verbo
852 1702 997 1775 judicium

133 1796 172 1852 sit
185 1795 217 1852 in
230 1796 336 1862 edicto,
350 1815 381 1851 re
394 1797 509 1869 quidem
525 1814 594 1852 vers
614 1802 725 1854 tuorum
746 1799 894 1864 comitum,
907 1799 998 1857 homi·

131 1911 203 1950 num
215 1893 461 1966 nequissimorum,
481 1895 604 1950 collusio
626 1912 692 1951 cum
713 1896 890 1960 decumanis,
910 1895 998 1952 sociis

129 1990 197 2056 uris,
217 1971 303 2064 atque
323 1992 397 2046 adeo
418 1992 660 2062 procuratoribus:
690 1999 786 2048 tameo
811 1995 899 2048 audes
919 1993 997 2049 iilius

126 2088 230 2164 judicii
255 2088 432 2144 mentionem
458 2088 571 2155 facere3
600 2089 768 2160 praesertim
787 2107 854 2146 cum
881 2090 911 2147 id
937 2107 997 2148 uon

131 2185 217 2243 modo
226 2186 356 2242 oratione
368 2203 442 2251 mea,
455 2186 505 2240 sed
520 2187 610 2241 etism
623 2205 654 2242 re
667 2187 729 2258 ipse
743 2185 909 2244 refellatur?
928 2205 997 2244 cum

130 2283 162 2341 iu
184 2285 271 2340 tantis
290 2283 481 2340 incommodis
501 2287 652 2349 aratorum,
672 2284 839 2358 injuriisque
863 2286 997 2343 decuma·

130 2399 243 2448 uorum,
267 2383 376 2438 nulium
403 2399 441 2437 ex
465 2380 522 2436 isto
543 2384 691 2453 praeclaro
711 2383 808 2439 edicto
830 2400 887 2439 non
910 2385 996 2441 modo

128 2481 246 2546 tactum,
260 2481 312 2536 sed
325 2497 362 2536 oe
376 2481 547 2552 postulatum
568 2481 684 2552 quidem
699 2480 843 2551 judicium
864 2482 996 2539 invenia-

128 2575 196 2635 tur?
226 2577 289 2635 Erit
311 2583 409 2634 tamen
433 2578 464 2634 iu
485 2584 611 2633 aratores
636 2578 737 2644 lenior,
762 2597 847 2650 quarn
870 2580 994 2637 videtur.

129 2694 207 2742 nam,
221 2677 314 2749 quiin
335 2677 510 2732 decumanos
532 2675 642 2746 octupli
657 2676 801 2746 judicium
820 2680 996 2734 sedatorum

127 2774 234 2838 edixit,
248 2774 326 2828 idem
340 2773 441 2827 habuit
454 2773 485 2838 ip
499 2773 606 2835 edicto,
620 2788 651 2825 sc
665 2771 697 2826 in
711 2775 851 2828 aratorem
865 2771 895 2828 in
909 2775 995 2846 quad-

127 2872 242 2944 ruplum
255 2870 396 2924 datnmm.
438 2867 510 2940 Quis
525 2867 600 2923 hunc
614 2867 701 2924 audet
718 2867 816 2925 dicere
836 2869 993 2930 aratoribus

126 2968 264 3026 infestum
273 2971 323 3022 aut
334 2965 483 3022 inimicum
495 2965 581 3023 tuisse
593 2961 605 3024 i
623 2971 731 3042 quanto
741 2968 834 3025 lenior
843 2975 897 3037 est,
908 2987 993 3044 quam

126 3067 159 3124 in
173 3061 381 3139 publicanum?
400 3063 511 3131 Edixin,
525 3070 566 3134 ut,
575 3067 651 3141 quod
665 3067 840 3124 decumanus
854 3050 1003 3126 edidisset*

125 3163 260 3221 sihidari
272 3169 412 3236 oportere,
426 3164 457 3220 id
481 3165 518 3220 ab
538 3170 650 3221 aratore
670 3165 852 3240 magistratus
877 3165 993 3224 Siculus

126 3263 269 3336 exigeret.
311 3262 388 3334 Quid
407 3261 561 3336 dereliquit
574 3262 691 3334 judicii,
705 3265 778 3336 quod
799 3263 830 3320 in
850 3269 993 3322 aratorem

130 3361 193 3417 dari
207 3358 326 3432 posset?
355 3361 424 3416 Non
438 3363 545 3416 matum
565 3365 618 3427 cst,
632 3360 735 3436 inquit,
755 3378 819 3417 esse
841 3361 925 3420 istam
939 3363 993 3419 sor·

126 3458 282 3516 midinenr:
303 3465 343 3525 ut,
356 3476 423 3516 cum
436 3464 573 3516 exactum
592 3457 630 3514 sit
648 3461 685 3515 ab
705 3466 827 3527 aratore,
840 3465 938 3517 tomen
954 3475 991 3518 nc

127 3571 160 3614 sc
172 3563 364 3628 commoveat,
378 3558 503 3636 reliquus
516 3563 610 3620 metus
622 3557 731 3637 judicii
742 3559 789 3620 sit.
831 3560 866 3621 Si
876 3558 992 3636 judicio
