2438 4206
208 295 249 356 36
537 281 757 336 ravanam

206 439 261 496 ess
294 433 339 496 At
351 431 484 510 Apronio
493 449 606 509 semper
615 435 679 509 plus
693 431 782 492 etiam
795 431 886 492 multo
899 430 951 490 aba
964 435 994 492 te
1007 447 1066 507 per

206 535 324 594 murum
348 537 402 602 est,
426 549 512 610 quam
532 534 608 609 quod
631 530 774 592 edixeras.
817 531 964 605 Quantum
984 531 1068 606 igitur

205 639 355 708 quaestum
372 637 505 708 putamus
526 632 634 691 santum
647 649 710 690 esse
726 649 778 705 per
790 647 865 700 eum,
885 631 934 688 oui
955 628 1068 706 quidvis

205 732 318 792 linitum
330 731 385 790 sit:
405 749 472 792 oum
493 735 605 791 tantum
617 729 691 790 luori
704 729 828 788 voluerit
846 729 952 788 addere
965 728 1000 796 is,
1014 728 1069 798 oui,

205 831 232 889 si
249 831 386 890 decumas
404 831 531 900 emisset,
550 831 629 888 idem
641 844 701 889 non
713 824 837 887 liberet?
856 826 1006 888 Postremo
1018 827 1069 884 illa

204 929 320 1006 quidem
343 934 422 987 oerte
442 928 497 988 tibi
523 928 655 1004 praeoisa
677 927 809 990 defensio
832 931 885 996 est,
911 926 943 985 in
963 942 1020 1002 qua
1038 930 1069 983 tu

203 1043 317 1102 semper
342 1027 440 1086 omnia
460 1031 510 1085 tua
529 1027 605 1086 furta
630 1031 716 1103 atque
740 1025 851 1102 flagitia
873 1027 965 1083 latere
984 1041 1068 1100 posse

203 1126 355 1183 arbitratus
372 1143 423 1182 es:
447 1142 554 1200 magno
573 1131 603 1183 te
622 1127 758 1182 decumas
779 1123 966 1186 vendidissss
990 1123 1069 1198 plebi

203 1223 353 1282 Romanae
380 1223 578 1292 consuluissea
598 1239 731 1280 annonae
754 1221 945 1296 prospexisse.
998 1222 1067 1280 Non

203 1326 300 1398 potest
312 1322 368 1380 boo
379 1321 479 1380 dioere
491 1321 527 1390 is,
540 1320 588 1396 qui
608 1323 715 1395 negare
738 1338 798 1378 non
815 1325 965 1394 potestas
984 1319 1068 1378 unius

203 1421 266 1495 agri
285 1420 423 1478 decumae
443 1436 508 1476 xxx
531 1417 657 1476 millibus
685 1416 813 1476 modirim
836 1417 964 1486 minoris,
985 1401 1070 1495 quam
1114 1483 1118 1488 ,

203 1517 340 1591 potuerit,
353 1516 536 1576 vendidisse:
560 1515 702 1583 matiam,
716 1515 741 1573 si
755 1515 810 1574 tibi
823 1517 878 1574 boe
898 1517 1069 1588 oonoedam,

204 1613 339 1674 Minuoio
350 1613 418 1671 ideo
439 1617 469 1672 te
490 1630 549 1671 non
563 1613 723 1682 tradidisse,
736 1616 812 1690 qnod
826 1616 890 1688 jam
909 1615 1069 1674 addixisses

204 1712 355 1788 Apronio:
375 1713 458 1787 ajunt
471 1711 549 1772 euim
572 1717 603 1770 be
624 1712 667 1770 ita
686 1713 830 1783 dictitare,
849 1716 925 1790 quod
945 1732 1001 1789 ego
1019 1733 1069 1773 ex·

203 1817 314 1886 specto,
327 1811 469 1888 cupioque
484 1817 513 1870 te
527 1811 569 1869 ita
582 1812 654 1870 illud
667 1813 831 1870 defendere.
852 1831 954 1870 verum
972 1818 1006 1870 ut
1028 1813 1069 1874 ita

204 1911 252 1979 sit,
266 1917 365 1970 tamen
385 1927 444 1969 uon
468 1911 627 1984 poteshoo‚
649 1911 729 1986 quasi
751 1899 929 1984 praeolafum
949 1912 1067 1987 aliquid,

202 2009 380 2082 praedicere,
393 2025 499 2081 magno
514 2013 542 2065 te
556 2011 692 2066 decumas
706 2010 881 2079 vendidisse,
894 2027 961 2070 oum
981 2011 1068 2069 fuisse

201 2105 320 2174 fateare,
331 2105 379 2180 qui
393 2107 483 2162 multo
496 2106 584 2179 pluris
599 2107 743 2182 voluerint
763 2126 868 2166 emere.

151 2201 191 2259 65
244 2204 377 2262 Tenetur
396 2202 483 2277 igitur
497 2204 569 2278 jam,
584 2203 709 2277 judiees,
728 2212 759 2264 et
777 2209 929 2267 manifesto
952 2213 1067 2270 tenetur

203 2303 334 2373 avaritie,
349 2302 491 2377 cupiditas
512 2303 647 2374 hominis,
663 2307 767 2374 scelus,
785 2307 961 2382 improbitas,
980 2310 1066 2367 auda·

202 2403 258 2462 oia.
300 2403 379 2474 Quid
392 2401 511 2470 sibaee,
524 2419 596 2478 qnae
610 2403 686 2472 dieo,
710 2403 798 2478 ipsius
823 2405 910 2465 amici
935 2407 1067 2466 defenso

200 2497 500 2576 resquejudioarunt?
518 2501 587 2576 quid
599 2502 688 2560 vultis
711 2502 857 2578 amplius?
874 2506 1014 2564 Adventu
1028 2509 1066 2566 L.

203 2599 328 2669 Metelli,
348 2599 496 2674 praetoris,
517 2617 583 2661 oum
606 2617 706 2659 omnes
721 2601 782 2675 ejus
795 2604 917 2661 comites
931 2604 985 2661 iste
1010 2605 1068 2663 sibi

94 2691 100 2698 ’
202 2718 253 2761 suo
271 2699 323 2757 illo
334 2699 506 2773 panchresto
519 2700 732 2758 medicamento
754 2700 864 2758 amieos
877 2703 1067 2774 reddidisset;

102 2841 106 2848 .
203 2799 314 2857 aditum
347 2803 392 2856 est
419 2799 458 2854 ad
482 2797 657 2858 Metallum:
686 2801 806 2859 eductus
830 2805 874 2858 est
899 2801 1069 2876 Apronius:

203 2897 304 2954 eduxit
317 2895 364 2952 vir
373 2893 521 2968 primarius
546 2895 582 2954 G.
607 2898 731 2967 Gallius,
752 2905 886 2958 senator:
907 2901 1069 2974 postulavit

203 3011 221 3054 a
233 2995 270 3053 L.
285 2993 417 3060 Metello,
427 2997 459 3049 ut
467 3010 505 3049 ex
513 2992 610 3052 edioto
621 3011 672 3050 suo
679 2995 823 3068 judicium
835 3001 917 3058 daret
930 2999 961 3057 in
974 2999 1069 3074 Apro

202 3093 292 3161 nium,
303 3107 388 3158 ouon
403 3108 463 3148 aux
475 3108 533 3148 vsu
544 3107 604 3148 nou
615 3109 724 3150 manvu
735 3112 959 3154 nssaumssun:
980 3115 1070 3174 quam

201 3190 223 3224 ⁴⁸
233 3191 382 3249 formulam
391 3188 596 3258 Octavianam,
607 3195 637 3248 et
648 3191 758 3252 Romae
768 3193 905 3252 Metellus
918 3195 1071 3264 habuerat,

203 3296 235 3350 et
256 3289 382 3348 habebat
405 3277 446 3345 in
463 3288 623 3361 provincia.
650 3307 710 3349 nou
733 3291 887 3365 impetrat:
919 3310 985 3350 oum
1009 3295 1072 3354 hoo

204 3389 315 3446 dioeret
339 3386 486 3454 Metellus,
507 3387 713 3459 praejudicium
737 3385 754 3446 s
780 3407 812 3448 se
843 3392 880 3450 de
905 3391 1003 3467 eapite
1033 3392 1073 3454 0.

235 3539 257 3576 ⁴⁸
263 3539 392 3600 somatum
401 3539 554 3602 Octauianam]
570 3555 592 3588 v.
602 3541 667 3589 Clau.
676 3541 698 3589 in
709 3541 737 3590 L.
749 3542 859 3592 Octauios.
