2428 4212
365 335 437 386 scr.
454 336 483 385 u.
499 333 597 385 arnna
611 323 771 388 eulaius.
944 337 1007 399 run

134 481 301 552 altitudine,
314 499 370 559 qua
383 483 485 542 Ditem
496 488 607 558 patrem
618 483 716 543 ierunt
728 489 847 558 repente
861 499 928 542 cum
942 499 1004 542 cur-

132 597 169 641 ru
178 582 333 652 exstitisse,
348 585 550 658 abreptamque
564 601 603 641 ex
617 586 729 642 eoloco
748 583 1004 658 virginemsecum

136 687 306 755 asportasse,
319 686 349 739 et
361 683 458 740 subito
470 697 530 740 non
543 685 631 758 longe
645 699 663 740 a
675 682 831 756 Syracusis
837 687 1004 756 penetrasse

132 781 185 837 sub
199 784 295 848 terras,
307 783 458 855 lacumque
472 781 504 841 in
518 799 555 839 eo
563 783 631 839 loco
644 786 764 856 repente
774 781 921 839 exstitisse
932 801 939 837 ε
951 779 1003 838 nbi

130 893 219 954 usque
239 881 277 938 ad
289 880 346 938 huc
357 886 471 952 tempus
486 880 663 954 Syracusani
675 881 763 939 leston
784 881 848 938 dies
867 881 1004 939 anniver-

129 977 220 1036 sarios
240 983 339 1052 agunt,
353 979 543 1036 celeberrimo
556 980 682 1038 vimmm
706 979 914 1055 mulierumque
935 995 1004 1038 con-

133 1082 236 1134 ventu.
288 1075 410 1148 Propter
441 1077 525 1150 hujus
547 1077 691 1150 opinionis
718 1083 902 1148 vetustatem,
926 1077 1002 1154 quod
1012 1064 1054 1124 49

135 1191 235 1232 eorum
248 1173 280 1230 in
293 1173 339 1230 nis
352 1175 424 1232 locis
440 1174 574 1249 vestigia,
587 1190 622 1232 ac
635 1192 723 1251 prope
733 1178 909 1236 incunabula
921 1193 1002 1251 repe·

133 1271 246 1329 riantur
255 1272 382 1340 deorum,
401 1273 475 1330 mira
492 1274 633 1348 quaedam
655 1276 722 1331 tota·
738 1275 841 1332 Sicilia
863 1275 1001 1348 priuatim

130 1383 168 1429 ac
192 1369 309 1444 publice
330 1370 434 1446 religio
455 1377 500 1428 est
519 1361 643 1430 'Cereris
675 1371 832 1430 Ennensis.
881 1371 1001 1430 Etenim

129 1473 221 1528 multa
235 1487 323 1543 saepe
337 1470 467 1545 prodigia
481 1469 543 1528 vim
564 1471 625 1544 ejus
646 1485 811 1545 numenque
831 1472 999 1528 declarant:

129 1569 227 1626 multis
241 1585 329 1642 saepe
352 1568 384 1625 in
398 1567 578 1628 difficillimis
594 1569 679 1627 rebus
699 1584 835 1642 praesens
859 1568 1018 1626 auxilium·

128 1665 192 1739 ejus
205 1664 333 1723 oblatum
341 1671 395 1733 est,
408 1671 439 1723 ut
448 1668 523 1725 haec
535 1667 632 1724 insula
643 1667 680 1724 ab
691 1681 794 1725 ennon
804 1668 896 1724 solum
907 1667 999 1742 diligi,

128 1763 286 1820 sedetiam
305 1763 398 1820 incoli
421 1763 615 1837 custodirique
637 1763 780 1821 videatur.
820 1765 887 1822 Nec
907 1767 1000 1822 solum
1063 1789 1066 1794 ·
1185 1803 1188 1810 .

130 1860 234 1927 Siculi,
248 1876 349 1918 verum
374 1860 464 1920 etiam
485 1867 601 1919 ceterae
622 1866 724 1936 gentes
738 1861 926 1937 nationesque
940 1861 1000 1920 En·

128 1973 252 2018 nensom
266 1959 403 2018 Cererem
416 1960 545 2018 maxime
558 1962 667 2018 colunt.
707 1959 836 2028 Etenim,
859 1959 884 2018 si
906 1961 998 2020 Athe·
1064 2005 1069 2009 -

126 2057 272 2116 niensium
295 2073 379 2116 sacra
392 2075 502 2116 summa
515 2058 674 2132 cupiditate
684 2062 867 2132 expetuntur,
878 2060 916 2116 ad
925 2047 996 2134 quos

125 2155 216 2216 Ceres
224 2157 256 2215 in
266 2155 318 2214 illo
326 2173 421 2215 errore
430 2156 547 2214 venisse
557 2155 672 2225 dicitur,
683 2156 834 2233 frugesque
844 2158 974 2215 attulisse
986 2179 993 2214 ε

125 2260 262 2332 quantam
275 2273 338 2312 esse
353 2255 524 2329 religionem
537 2255 678 2313 convenit
699 2273 808 2323 eorum,
826 2257 902 2330 apud
924 2269 993 2332 quos

123 2369 190 2412 eam
203 2359 302 2411 natam
316 2369 380 2410 esse
394 2358 424 2409 et
442 2349 461 2384 ³¹
471 2351 566 2427 iruges
576 2353 725 2411 iuvenisse
737 2349 872 2411 constat?
891 2354 993 2427 ltaque

125 2453 203 2526 apud
216 2455 311 2525 putres
324 2455 445 2518 nostros,
458 2450 598 2509 atrociae
612 2451 725 2510 difficili
734 2451 911 2525 reipublicae
923 2455 992 2510 teru-

36 2535 49 2552 ”
123 2565 291 2624 puratum,
312 2549 364 2606 ui.
379 2547 516 2606 Graccho
537 2547 645 2618 occiso,
663 2567 831 2624 magnorum
851 2551 991 2623 pericnlu-

122 2663 185 2706 rum
204 2652 296 2705 metus
318 2665 357 2704 ex
378 2647 501 2705 ostentis
523 2648 749 2720 portenderetur,
770 2648 805 2705 P.
831 2645 933 2704 Mucio
953 2649 988 2706 L.

122 2745 281 2819 Calpurnio
294 2745 469 2814 consulibus,
482 2744 593 2804 aditum
606 2749 651 2802 est
664 2747 701 2803 ad
712 2745 799 2802 libros
812 2745 988 2818 Sibyllinos:

120 2843 154 2900 in
178 2844 279 2917 quibus
302 2843 454 2900 inventum
481 2848 534 2912 est,
562 2861 706 2902 cuasnsu
734 2859 987 2910 nunruurssrnmu

120 2959 253 2999 anacam
276 2957 446 2999 oronsnns.
498 2941 578 3000 Tum
601 2961 640 3000 ex
661 2941 838 3016 amplissimo
861 2942 987 3016 collegio

118 3038 310 3098 decemvirali
324 3041 487 3097 sacerdotes
500 3041 598 3116 populi
617 3041 751 3110 Romani,
770 3055 837 3098 eum
858 3046 935 3097 esset
953 3040 985 3098 in

117 3139 188 3195 urbe
199 3143 297 3196 nostra
307 3137 422 3196 Cereris
441 3139 663 3211 pulcherrimum
683 3144 715 3196 et
734 3127 985 3212 magnificentissi-

116 3251 196 3292 mum
218 3229 378 3309 templum,¹
391 3242 490 3294 tamen
511 3254 600 3312 usque
623 3237 739 3294 Eanum
753 3236 886 3309 proiecti
906 3242 982 3294 sunt.

115 3335 199 3392 muta
211 3335 291 3392 enim
304 3337 367 3392 crat
379 3334 536 3394 auctoritas
550 3339 581 3391 et
593 3338 722 3391 vetustas
733 3333 811 3390 illius
826 3333 981 3409 religionis,

112 3435 157 3499 ut,
177 3447 246 3492 cum
265 3433 337 3491 illuc
360 3432 446 3501 irent,
466 3449 527 3491 uon
550 3434 588 3491 sd
608 3432 710 3489 andem
734 3432 858 3502 Generis,
879 3436 931 3493 sed
944 3438 981 3494 ad

141 3583 378 3644 ”winnocus
393 3588 492 3648 msa]
523 3585 803 3636 admonuerim.

158 3681 230 3723 sou.
250 3682 281 3725 r.
493 3671 529 3725 ll
