2428 4212
390 283 462 336 sor.
478 283 507 334 n.
523 283 621 334 ursan
635 284 796 348 ausurus
968 297 1027 354 199

164 435 330 496 Minervae.
370 434 406 492 ln
426 435 482 490 hac
501 432 596 490 insula
621 439 761 503 extremo,
788 439 833 492 est
851 435 915 494 lons
939 451 1030 510 aquae

162 534 269 600 dulcis,
288 532 336 590 cui
350 548 456 588 nomen
476 532 622 588 Arethusa
635 537 689 600 est,
707 534 873 591 incredibili
891 536 1031 608 magnitu-

164 631 244 697 dine,
256 629 440 703 plenissimus
451 628 592 702 piscium:
613 629 663 703 qui
675 631 764 688 fluctu
778 637 854 688 totus
863 633 1031 706 operiretur,

163 729 221 790 nisi
231 728 391 786 munitione
401 744 436 785 ac
445 730 522 785 mole
532 729 686 801 lapiduma
697 730 769 786 mari
776 729 936 802 disjunctus
944 736 1029 790 esset

162 828 266 886 Altera
276 834 374 889 autem
384 833 428 883 est
443 828 508 882 urbs
524 827 686 899 Syracusis,
696 828 744 885 cui
759 845 866 885 nomen
883 830 1032 889 Acradins

160 932 217 984 est:
238 926 270 982 in
292 925 458 1000 qualorum
481 925 647 994 maximum,
662 929 872 1000 pulcherrimae
893 928 1030 1000 porticus,

160 1023 377 1083 ornatissimum
396 1029 577 1095 prytaneum,
596 1025 772 1098 amplissima
792 1031 837 1082 est
854 1026 944 1094 curio,
959 1032 1032 1084 tem·

162 1125 297 1196 plumque
316 1121 464 1194 egregium
491 1121 575 1178 lovis
600 1123 748 1196 Olympii:
767 1130 938 1198 ceteraeque
953 1123 1031 1182 urbis

162 1224 260 1294 portes
282 1236 341 1276 una
364 1220 423 1275 lats
448 1218 498 1275 via
520 1225 667 1292 perpetua,
687 1222 838 1295 multisque
858 1222 1031 1282 transversis

162 1317 286 1384 divisae,
307 1316 430 1389 privatis
457 1317 599 1374 aedificiis
627 1318 821 1392 continentur.
862 1319 966 1376 'lertio
988 1323 1034 1377 est

161 1419 238 1484 urbs,
250 1434 333 1490 quse,
346 1417 423 1490 quod
435 1416 466 1472 in
476 1434 513 1473 ea
526 1423 616 1490 parte,
625 1418 772 1474 Fortunae
779 1417 878 1474 fanum
886 1417 1035 1492 antiquum

163 1515 227 1582 fuit,
250 1515 359 1588 Tycha
373 1514 522 1572 nominata
535 1521 579 1572 est
594 1535 601 1571 ι
623 1517 653 1574 in
667 1533 724 1590 qua
737 1521 767 1572 et
779 1516 961 1590 gymnasium
975 1532 1034 1572 am·

159 1612 326 1687 plissimum
339 1619 392 1680 est,
406 1621 437 1669 et
450 1616 612 1686 complures
625 1615 713 1671 sedes
736 1631 853 1672 sacrae:
874 1615 1033 1688 coliturque

161 1727 199 1768 ea
217 1727 282 1783 pars
302 1715 334 1766 et
357 1710 501 1766 habitatur
524 1711 763 1783 frequentissime.
806 1713 915 1782 Quarta
937 1718 1034 1770 sutem

160 1813 208 1884 est
222 1809 297 1875 urbs,
310 1824 384 1882 quoe
407 1807 475 1880 quis
489 1812 633 1880 postremo
656 1807 810 1865 aedificato
822 1816 876 1876 est,
891 1809 1033 1882 Neapolis

161 1907 344 1966 nominatur:
377 1922 462 1979 quam
483 1905 520 1961 ad
541 1923 681 1962 summam
705 1907 846 1962 thestrum
867 1913 911 1962 est
940 1907 1033 1964 maxi·

162 2023 264 2064 mum:
292 2008 440 2077 praeterea
459 2003 517 2078 duo
544 2006 653 2076 templs
676 2007 743 2060 sunt
764 2003 890 2077 egregia,
916 2005 1031 2062 Cereris

161 2121 260 2169 unum,
271 2105 392 2160 alterum
406 2101 540 2169 Liberae,
554 2102 723 2176 signumque
740 2103 895 2175 Apollinis,
909 2104 958 2177 qui
974 2104 1033 2161 Te·

162 2201 288 2260 menites
315 2204 446 2268 vocatur,
464 2200 688 2273 pulcherrimum
707 2205 737 2256 et
762 2202 937 2258 maximum:
957 2203 1034 2276 quod

160 2299 217 2358 iste
231 2299 257 2354 si
271 2303 383 2370 portare
398 2297 546 2369 potuisset,
554 2315 615 2354 non
627 2297 787 2354 dubitasset
799 2298 920 2359 auterre.
944 2301 1032 2358 Nunc
1044 2317 1087 2376 54

163 2399 202 2456 ad
215 2397 387 2456 Marcellum
398 2401 534 2464 revertur,
549 2413 587 2453 ne
601 2396 675 2454 haec
687 2413 707 2453 a
721 2414 767 2452 me
781 2396 845 2453 sine
855 2414 944 2456 causo
957 2415 1035 2456 com·

163 2499 323 2554 memorata
346 2512 419 2552 esse-
431 2494 602 2552 videantur:
623 2493 759 2570 quicum
780 2502 840 2554 tam
858 2498 1036 2569 praeclaram

164 2596 265 2652 urbem
279 2593 310 2650 vi
323 2594 472 2666 copiisque
496 2592 633 2664 cepisset,
657 2609 716 2650 non
737 2594 851 2664 putavit
863 2595 902 2650 ad
921 2595 1036 2652 laudem

164 2692 265 2768 populi
286 2691 411 2749 Romani
434 2691 491 2746 hoc
515 2688 669 2762 pertinere,
688 2689 764 2746 hanc
784 2690 1036 2762 pulchritudinem,

165 2809 205 2848 ex
216 2807 274 2864 qua
281 2788 450 2861 praesertim
463 2787 537 2844 nihil
548 2785 669 2858 periculi
683 2789 889 2857 ostenderetur,
898 2789 996 2846 delere
1006 2794 1038 2848 et

133 2874 137 2880 ⁸
166 2887 364 2960 exstinguere.
415 2886 515 2958 ltsque
539 2884 680 2941 aedificiis
701 2885 842 2955 omnibus,
864 2889 987 2960 publicis
1006 2894 1037 2948 et

169 2984 302 3062 privatis,
315 2983 405 3040 sacris
423 2988 453 3040 et
475 2983 602 3056 profanis
623 2984 667 3042 sio
688 2985 827 3058 pepercit,
842 2989 923 3061 quasi
944 2990 981 3045 sd
1001 3005 1038 3046 es

165 3084 349 3144 defendenda
368 3099 435 3140 cum
455 3083 595 3150 exercitu,
610 3101 668 3140 non
687 3087 882 3157 expugnanda
897 3087 1035 3164 venisset.

166 3184 315 3242 lnornatu
334 3182 411 3239 urbis
432 3181 532 3238 habuit
551 3180 693 3237 victoriae
708 3181 858 3249 rationem,
872 3183 974 3239 habuit
986 3185 1037 3242 hu·

167 3281 326 3341 munitatis.
367 3279 520 3336 Victoriae
530 3279 651 3350 putabat
664 3295 737 3344 esse,
751 3280 841 3334 mults
853 3279 976 3338 Romam
989 3284 1038 3341 de

167 3386 293 3456 portare,
301 3395 374 3453 quae
385 3385 555 3434 ornamento
568 3375 631 3431 urbi
643 3393 706 3432 esse
720 3380 856 3448 possent:
878 3379 1038 3440 humanite-

167 3479 216 3545 tis,
230 3495 290 3534 non
313 3479 399 3550 plane
413 3477 538 3550 spoliare
552 3477 660 3542 urbem,
681 3476 848 3547 praesertim
867 3495 951 3552 quam
971 3498 1038 3538 con.

163 3593 282 3635 servare
296 3575 445 3634 voluisset.
487 3574 524 3633 ln
538 3575 594 3634 hac
606 3572 762 3650 partitione
770 3579 896 3647 ornatus,
906 3589 966 3636 non
974 3580 1039 3652 plus
