2460 4200
208 291 250 352 30
551 283 742 336 mvsmcru

206 431 298 490 sterni
318 427 454 496 triclinis,
468 433 498 486 et
519 429 550 487 in
572 431 634 488 loro
653 432 745 488 sterni
759 429 900 502 iubebat:
920 443 957 486 eo
970 429 1069 488 vocari

206 530 338 590 homiues
352 526 579 595 honestissimos,
593 543 652 584 nou
671 529 764 584 solum
779 525 903 591 Siculos,
916 529 968 584 sed
981 528 1071 584 etiam

205 627 317 701 equites
331 627 495 684 Romanos:
516 629 556 692 ut,
569 624 685 699 quicum
705 624 779 682 inire
792 623 964 682 convivium
983 642 1071 682 nemo

205 741 348 800 umquam,
370 723 427 782 uisi
451 722 541 796 turpis
565 723 745 798 impurusque
770 722 918 790 voluisset,
944 723 982 778 ad
1008 723 1070 795 qius

203 823 376 884 convivium
395 821 599 894 spectatissimi
612 827 697 895 atque
710 819 906 883 honestissimi
920 819 977 878 viri
990 825 1069 878 teue-

204 928 311 980 rentur.
352 921 434 980 llaec
448 930 490 988 tu,
509 919 637 978 omnium
656 919 817 977 mortalium
838 917 1069 998 profligatissime

203 1035 240 1078 ac
254 1018 455 1091 perditissime,
465 1035 532 1078 cum
541 1018 640 1086 scires,
653 1035 720 1086 cum
733 1018 846 1076 audires
856 1017 1068 1092 quotidie‚cum

201 1116 334 1174 videres:
362 1117 389 1174 si
409 1117 472 1174 sine
496 1123 546 1175 tuo
567 1115 696 1174 maximo
720 1121 839 1190 quaestu
864 1116 975 1184 fierent,
1001 1129 1069 1172 cum

202 1217 286 1274 tanto
307 1215 435 1288 periculo
456 1220 506 1274 luo
526 1215 589 1274 deri
611 1222 741 1290 paterere
761 1220 847 1289 atquc
870 1209 1070 1271 concederes?

202 1319 359 1374 astantum
376 1317 452 1390 apud
466 1321 495 1374 te
509 1321 642 1392 quaestus
658 1313 791 1388 Apronii,
806 1318 916 1370 tentum
934 1312 997 1386 ejus
1010 1329 1068 1384 ser·

201 1427 252 1472 mo
261 1413 517 1486 inquinatissimus,
527 1419 558 1472 et
568 1413 726 1472 blanditiae
737 1411 897 1485 flagitiosae
906 1412 1071 1481 valuerunt,

201 1515 235 1567 ut
248 1527 402 1585 numquam
425 1511 552 1574 ssimum
566 1515 645 1569 tuum
669 1527 738 1568 cura
762 1515 876 1576 tucrum,
892 1510 1068 1568 lortunemm

201 1607 396 1682 cogitatioque
430 1606 586 1682 tangeret?
620 1607 756 1675 Cercitis,
783 1607 908 1680 judices,
934 1608 1010 1681 quod
1037 1610 1069 1664 et

168 1739 176 1773 r
201 1713 339 1780 quantum
362 1707 529 1766 incendium
544 1708 767 1765 decumanorum
780 1706 888 1780 impetu
902 1722 961 1764 nou
975 1708 1070 1764 solum

150 1847 152 1853 ,
201 1821 254 1880 per
272 1821 365 1880 agros,
378 1807 429 1864 sed
448 1807 537 1865 etiam
561 1825 612 1880 per
632 1787 754 1881 reliquas
768 1806 894 1874 lortrums
907 1809 1067 1872 aratomm;

200 1920 295 1977 neque
307 1907 400 1962 solum
414 1922 466 1977 per
479 1907 564 1974 bona,
578 1905 629 1960 scd
642 1893 732 1962 etiam
745 1903 869 1978 perjure
882 1884 1023 1960 libertatis
1036 1905 1069 1960 et

201 2000 341 2066 civitatis,
366 2001 422 2057 isto
448 2006 579 2073 praetore
606 1985 773 2074 peruaserit.
805 2001 912 2057 videtis
939 2000 1066 2072 pendere

200 2097 274 2155 alios
296 2115 334 2154 ex
356 2099 474 2154 arbore:
503 2098 609 2172 pulsari
631 2104 728 2158 autem
748 2098 821 2156 alios
848 2103 879 2155 et
905 2098 1067 2156 verberari:

201 2211 285 2270 porro
298 2195 370 2252 alios
384 2196 416 2254 ic
430 2197 546 2269 publico
557 2197 715 2264 custodiri:
736 2196 939 2265 destitui-alios
953 2197 985 2252 in
998 2213 1067 2254 con·

200 2293 300 2350 visio:
320 2295 508 2353 condemnari
520 2297 593 2353 alios
607 2313 625 2352 c
638 2296 752 2354 medico
762 2300 794 2352 et
802 2310 944 2368 praecone
955 2303 1066 2368 praeto·

200 2389 255 2450 ris:
276 2393 351 2449 bona
365 2397 461 2449 tamen
482 2393 593 2452 interea
615 2394 802 2450 nihilomiuus
820 2409 918 2450 eorum
936 2392 1067 2450 omnium

200 2506 238 2546 ex
253 2489 333 2562 agiis
342 2489 445 2547 aulerci
458 2506 493 2547 ac
507 2489 601 2562 diripi.
644 2490 721 2561 Quid
735 2496 779 2546 est
793 2487 872 2548 hoc?
892 2491 990 2564 populi
1007 2491 1066 2548 Ro·

143 2617 145 2622 s
200 2585 461 2663 maniimperium?
480 2587 578 2663 populi
592 2587 715 2646 Romani
727 2585 826 2662 leges?
839 2586 973 2661 judicia?
992 2587 1067 2646 socii

199 2684 323 2746 fideles?
343 2687 495 2760 provincia
517 2683 701 2748 suburbana?
724 2703 820 2744 noune
844 2685 943 2744 omnia
968 2687 1065 2760 potius

200 2785 341 2856 ejusmodi
362 2791 438 2852 sunt,
458 2804 541 2860 quae,
564 2786 589 2843 si
614 2786 746 2844 Athenio
762 2785 889 2851 vicisset,
904 2784 934 2840 in
961 2783 1067 2842 Sicilia

200 2897 260 2938 non
275 2881 391 2946 lecisset
402 2879 413 2937 l
427 2897 495 2945 non,
504 2881 759 2952 inquam,judices,
767 2889 844 2938 esset
855 2882 941 2936 ullam
952 2887 1067 2951 partem

200 2977 283 3036 istius
297 2976 442 3049 nequitiae
457 2974 642 3046 lugitivorum
655 2975 810 3032 insolentia
824 2980 990 3032 consecuta.

148 3105 190 3169 «Π
242 3073 383 3132 Privatim
405 3073 460 3128 lroc
484 3071 586 3128 modo:
606 3069 697 3146 quid?
717 3073 831 3145 publice
845 3071 1077 3148 civitatesque.

201 3172 382 3244 meslmodum
398 3175 537 3227 tractatae
546 3175 613 3230 suut
627 3169 638 3228 'l
658 3172 777 3230 cuslistis
792 3174 931 3246 permulta
944 3171 1065 3243 indicia,

202 3277 232 3328 et
246 3270 411 3330 testimonia
424 3269 587 3337 civitatum,
600 3274 630 3326 et
651 3271 820 3345 reliquarum
840 3271 973 3330 audietis.
1015 3273 1065 3330 Ac

201 3369 322 3444 primurn
336 3371 373 3426 de
389 3368 568 3443 Agyrinensi
581 3373 695 3444 populo,
709 3371 788 3429 fideli
801 3378 831 3430 ct
844 3369 958 3440 illustri,
971 3370 1066 3428 brevi·

200 3473 246 3527 ter
265 3455 444 3544 cognoscite.
486 3468 679 3542 Agyrinensis
702 3478 746 3530 est
767 3469 797 3528 in
820 3471 919 3545 primis
943 3471 1068 3526 honesta

200 3566 324 3629 civius·
339 3567 472 3642 Siciliae,
499 3568 647 3631 hominen
682 3578 750 3630 aste
784 3571 863 3630 hunc
900 3573 1064 3646 praetorem
