2486 4212
238 357 299 417 18ss
564 348 599 398 ΙΝ
613 345 757 400 VERREM

179 506 221 568 45
274 497 385 558 Audite
398 495 487 554 etiam
500 495 674 572 singularem
687 495 757 571 ejus,
765 491 891 568 judiees,
901 491 1106 570 cupiditatem,

232 596 393 664 audaciam,
407 593 573 664 amentiam,
596 595 627 654 in
650 593 696 652 hia
720 591 889 666 praesertim
908 594 998 652 saeris
1012 597 1108 668 pollu-

231 695 325 764 endis,
339 712 412 770 quae
426 711 485 754 non
503 693 590 750 modo
602 691 732 750 manibus
746 689 861 764 attingi,
875 691 926 748 sed
939 709 977 748 ue
991 691 1106 766 eogita-

231 791 312 850 tione
332 792 448 868 quidem
462 790 566 848 violari
589 790 631 848 sas
644 789 707 848 tuit.
749 787 915 846 Samarium
929 789 1044 847 Cereris
1055 795 1107 848 eat

230 889 305 964 apud
320 887 503 957 catinenses,
516 889 619 946 eadem
632 887 781 962 religione,
795 903 851 962 qua
865 885 985 953 Romae,
999 905 1056 962 qua
1068 887 1107 946 iu

230 986 335 1044 ueteris
348 985 429 1054 loeis,
443 1004 498 1061 qua
516 1004 604 1061 prope
618 986 649 1043 in
663 988 725 1042 toto
738 985 806 1042 orbe
821 987 967 1044 terrarum.
1009 985 1045 1042 iu
1062 1000 1105 1042 eo

229 1083 356 1140 sacrario
364 1083 467 1141 intimo
479 1084 533 1141 tuit
543 1084 657 1158 signum
667 1082 781 1141 Cereris
792 1081 1008 1158 perantiquum:
1022 1083 1104 1156 quod

229 1178 296 1248 viri,
315 1198 374 1238 non
397 1184 484 1239 modo
506 1181 668 1255 eujusmodi
687 1186 773 1248 esset,
787 1181 838 1237 sed
851 1198 889 1237 ue
903 1197 968 1236 ease
981 1179 1102 1254 quidem

229 1276 370 1336 sciebant.
391 1280 486 1337 aditus
507 1280 587 1338 enim
609 1279 642 1336 in
664 1279 695 1335 id
709 1278 862 1336 sacrarium
875 1295 936 1359 non
949 1283 994 1334 eat
1007 1277 1097 1334 viris:

230 1391 314 1433 saera
336 1395 388 1449 per
410 1377 544 1434 mulieres
569 1394 604 1436 aa
618 1375 747 1448 virgines
767 1374 990 1432 eonfiaisolent
1031 1375 1102 1433 Hoc

230 1473 344 1548 signum
357 1479 445 1530 nootu
470 1476 545 1529 olam
568 1473 649 1530 istius
671 1472 750 1529 servi
763 1490 801 1529 ex
815 1472 868 1529 illo
881 1471 1100 1546 religiosissimo

230 1575 315 1644 atque
338 1568 536 1644 antiquissimo
549 1569 617 1626 iano
640 1572 833 1627 sustulerunt:
854 1569 992 1644 postridie
1006 1587 1100 1627 saeer-

229 1665 312 1736 dotes
326 1667 450 1736 Cereris,
464 1671 550 1742 atque
558 1667 635 1725 iltius
646 1667 707 1725 iani
716 1665 873 1736 antistitae,
881 1667 1005 1740 majores
1019 1673 1099 1736 natu,

228 1768 367 1839 probatae
378 1783 413 1824 aa
428 1766 540 1824 nobiles
554 1766 698 1833 mutieres,
711 1783 773 1822 rem
786 1765 823 1822 ad
837 1765 1019 1839 magistratus
1033 1781 1100 1823 suos

229 1865 370 1923 deferunt.
390 1865 522 1922 omnibus
536 1866 680 1932 acerbum,
694 1863 853 1936 indignum,
868 1865 1030 1921 luctuosum
1050 1865 1100 1922 de·

231 1963 319 2035 nique
331 1962 489 2021 videbatur.
531 1963 611 2019 Tum
624 1962 679 2018 iste
706 1965 850 2034 permotus
873 1961 926 2018 itta
944 1960 1096 2019 atrocitate

231 2057 351 2130 negotii,
360 2063 392 2113 ut
405 2059 441 2114 ab
455 2076 486 2114 se
497 2057 615 2115 secteris
629 2057 711 2114 istius
724 2057 744 2088 ²¹
754 2057 879 2132 suspicio
887 2059 1098 2128 demoveretur,

227 2155 278 2211 dat
291 2153 398 2227 hospiti
411 2172 464 2211 auo
484 2155 598 2212 auidam
623 2153 780 2228 negotium,
793 2161 825 2213 ut
848 2157 973 2231 aliquem
992 2157 1098 2230 reperi·

227 2255 281 2318 ret,
295 2269 379 2326 quem
393 2270 429 2310 ea
442 2253 545 2311 iecisse
559 2253 756 2312 insimularet:
777 2254 913 2330 daretque
924 2271 1050 2328 operam,
1063 2258 1097 2312 ut

227 2347 254 2406 is
268 2366 304 2405 eo
317 2349 439 2408 sumine
463 2351 653 2418 damnaretur,
670 2369 713 2418 ne
735 2351 797 2424 ipse
821 2357 899 2409 esset
916 2352 1095 2410 incrimine.

229 2445 289 2503 Res
311 2465 369 2504 non
392 2449 623 2522 procrastinatur.
644 2467 712 2506 nam
734 2447 831 2506 ”oum
843 2449 899 2507 iste
913 2449 1021 2508 Catina
1034 2466 1097 2523 pro-

228 2543 322 2600 tectus
340 2551 425 2615 esset,
439 2547 518 2604 servi
536 2548 685 2621 eujusdam
699 2565 805 2604 nomen
819 2547 951 2606 defertur.
973 2548 1000 2605 ia
1012 2564 1099 2606 aceu-

228 2646 325 2700 satur:
345 2643 407 2701 fieti
430 2649 518 2702 testes
542 2645 573 2704 in
587 2664 652 2703 eum
666 2647 785 2704 dantur:
806 2663 867 2703 rem
880 2649 1001 2704 eunctus
1014 2663 1098 2704 sena·

227 2750 273 2804 tua
288 2743 489 2802 Catinensium
512 2743 622 2815 legibus
638 2744 762 2817 judicat.
805 2745 977 2802 Sacerdotes
988 2761 1098 2804 vocan-

228 2848 288 2900 tur:
309 2859 347 2897 ea
367 2840 412 2897 his
436 2839 580 2913 quaeritur
600 2848 712 2899 secreto
735 2842 768 2899 in
789 2841 879 2910 auria,
898 2839 999 2916 ”quid
1019 2847 1099 2900 esset

158 3002 162 3009 ¹
227 2939 345 3004 tactum,
359 2937 598 3010 quemadmodum
606 2937 809 2998 arbitrarentur
819 2939 934 3014 signum
944 2957 1009 2997 esse
1017 2941 1096 2998 abta·

256 3087 278 3121 ¹¹
295 3087 388 3157 witi?
402 3087 568 3156 timoratum]
600 3087 636 3136 aie
652 3089 712 3136 edidi
731 3105 773 3152 pro
789 3095 937 3152 mansuetae
953 3105 967 3138 e
983 3091 1031 3140 Ms.
1049 3091 1097 3140 Gu.

228 3160 360 3208 quamquam
370 3161 393 3192 m
403 3159 431 3192 eo
441 3149 474 3192 est
483 3146 631 3194 danwoeretur
640 3149 706 3195 solito
715 3163 798 3197 errore.

256 3225 280 3258 ²²
295 3223 392 3272 admista
402 3223 551 3282 Cotiaonrofi
563 3225 591 3286 a]
618 3225 665 3273 Vul
679 3243 694 3274 o
703 3227 807 3276 caueam
823 3229 890 3286 male,
910 3243 959 3275 eum
979 3231 1003 3275 et
1017 3243 1052 3276 rea
1067 3233 1096 3275 et

226 3283 327 3330 latinitas
337 3284 441 3344 postulet,
452 3283 512 3344 quod
519 3283 604 3331 correxi
613 3241 780 3334 sineiibroram
796 3286 937 3334 auctoritate.
965 3287 1026 3335 Nam
1035 3287 1098 3348 qood

226 3341 335 3446 ffiffifflf'
344 3347 419 3390 aetum
428 3346 469 3398 est,
479 3356 529 3388 uam
545 3341 585 3388 ille
602 3358 629 3391 ex
646 3344 701 3392 orbe
717 3345 807 3393 abisset.
835 3347 879 3394 seu
888 3345 962 3408 reperi
972 3347 1062 3392 tandem
1071 3345 1100 3392 in

254 3475 279 3508 ²³
291 3476 346 3534 qaid
356 3477 505 3533 asaatsuetssm,
519 3479 702 3536 demandandum
713 3481 887 3538 arbitrarentur,
897 3481 950 3541 eta]
969 3480 1006 3527 ste
1023 3479 1101 3527 edidit

226 3531 335 3580 Graevius
343 3533 419 3589 tacite,
430 3533 468 3580 sed
478 3540 547 3582 reete.
566 3537 603 3582 sin
612 3536 663 3585 edd.
675 3552 709 3599 pr.
729 3539 838 3587 Gruterus
848 3540 925 3595 edidit,
935 3539 990 3600 qudi
997 3538 1101 3598 carufas·

226 3595 275 3642 tam
283 3593 457 3651 vadarentur,
472 3595 790 3654 mammaeaeattotdm
819 3597 1004 3670 Etsietttmiu
