2460 4200
226 273 270 338 a
564 269 760 324 mvsnsnu

227 435 298 486 rem,
311 417 369 478 nisi
382 419 419 478 ed
432 419 596 494 hniurmodi
608 428 743 496 quamtus
764 417 938 494 pertinebat,
948 437 1099 484 numerem
1213 435 1214 458 ³

220 507 357 592 jugerum
363 521 519 592 prelsssem
527 538 601 581 esse.
622 522 763 594 Nympho
776 535 843 578 cum
856 538 888 576 se
903 523 995 578 veltet
1008 539 1100 596 nequo

220 615 335 689 judicio
342 618 506 686 defendere,
516 620 572 678 iste
587 619 664 678 viros
674 619 798 692 optimos
810 627 1025 692 recuperatores
1037 623 1098 689 dut,

225 717 350 774 eundem
363 718 446 776 illum
459 719 603 776 medicum
618 718 786 776 Cornelium
799 715 838 794 (is
858 723 905 774 eet
930 718 1096 776 Artemido-

224 831 272 872 rus
292 816 446 890 Pergaeus,
463 815 512 890 qui
532 815 564 874 in
578 833 630 874 sus
643 816 736 887 petris
756 818 817 874 dux
831 815 880 872 isli
894 817 1049 890 quendem,
1063 821 1095 876 ct

224 914 361 987 magister
379 913 445 970 ⁴⁴od
469 915 688 986 despoliendum
713 915 829 972 Iliense
851 917 991 988 templum
1016 911 1095 993 lnit‚)

223 1017 254 1068 et
268 1011 448 1084 haruspicem
462 1011 664 1080 Volusianum,
676 1017 707 1070 et
732 1013 883 1070 Valerium
907 1030 1093 1086 praeconem.

222 1109 372 1181 Nympho,
399 1115 554 1184 enteqnsm
581 1112 667 1182 plene
696 1109 838 1176 constitit,
873 1112 1092 1172 condemnetur.

224 1191 343 1279 udam,
367 1207 485 1267 iortssse
511 1208 658 1282 quaeritis.
685 1210 767 1266 nullu
795 1212 858 1267 emt
881 1207 971 1264 edicti
998 1225 1094 1280 poene

221 1313 311 1364 certe.
330 1307 466 1366 frumenti
483 1308 546 1381 ejm
558 1308 662 1376 omnis,
683 1310 758 1383 quod
771 1309 803 1366 in
816 1307 892 1366 ereis
905 1314 992 1366 esset.
1036 1310 1090 1368 Sic

223 1406 371 1478 Apronius
394 1409 579 1472 mumanae,
602 1423 662 1464 non
685 1408 838 1464 decumam
864 1406 1003 1474 debitum,
1029 1425 1092 1466 non

220 1505 394 1563 immensum
403 1511 545 1560 remotum
559 1506 796 1578 elqueceletnm3
816 1506 867 1562 sed
879 1504 970 1562 tritici
977 1511 1091 1580 septem

221 1601 315 1660 millis
328 1602 505 1660 medimnum
523 1621 561 1662 ex
582 1603 767 1676 Nymphonis
790 1604 977 1671 emtionibus,
999 1605 1092 1662 edicti

167 1718 210 1779 ῃ
220 1717 325 1774 poena,
338 1719 397 1760 non
412 1701 618 1775 redemptionis
632 1701 728 1776 aliquo
741 1702 807 1776 ‚iure
828 1702 914 1760 tollit.
956 1703 1091 1761 Xenonis

220 1801 352 1870 Meneni,
364 1801 680 1869 nobilissimilrominis,
689 1801 786 1858 uxoris
794 1802 899 1864 lunden
908 1806 972 1859 eret
981 1805 1090 1860 colono

218 1901 338 1958 locutus.
367 1903 496 1966 colonus,
519 1901 594 1974 quod
617 1902 842 1957 decumanorum
865 1899 986 1974 injurios
1013 1899 1088 1958 serre

217 2014 278 2054 non
291 2003 412 2069 poterat,
424 2015 462 2054 ex
476 2008 547 2068 egro
558 1996 729 2069 profugeret¹
760 1999 868 2054 Verres
881 1999 914 2056 in
929 2000 1088 2058 Xenonem

211 2094 357 2169 judicium
368 2096 455 2152 debet
472 2095 543 2152 illud
564 2112 647 2152 suum
670 2096 881 2154 damnatorium
896 2099 933 2154 de
951 2097 1088 2172 jugerum

217 2193 405 2266 professione.
445 2194 533 2250 Xeno
545 2195 582 2249 od
596 2211 628 2250 se
642 2193 788 2266 pertinere
803 2197 947 2268 negabat:
968 2196 1090 2256 fundum

217 2293 360 2350 elocutum
374 2309 438 2348 esse
457 2291 583 2348 dicebat.
602 2293 690 2350 debet
713 2291 768 2350 iste
783 2292 937 2364 judicium,
952 2312 980 2350 ιι
995 2311 1088 2352 rnen·

216 2407 289 2454 nnn,
307 2390 411 2464 Jugers
424 2391 485 2462 ejus
498 2390 580 2447 fundi
594 2409 658 2447 esse
673 2392 763 2462 plura,
773 2409 861 2464 quem
874 2394 995 2450 colonus
1009 2396 1088 2468 esset

216 2487 367 2563 professus,
381 2493 442 2546 tum
462 2487 504 2546 uti
525 2488 612 2544 Xeno
638 2489 830 2546 damnaretur.
873 2490 1002 2548 Dicebat
1023 2491 1086 2560 ille,

214 2605 275 2646 non
289 2589 374 2646 modo
388 2605 446 2644 non
458 2603 554 2644 erasse
568 2605 609 2656 se,
628 2585 649 2618 ⁴⁵
658 2587 688 2645 id
703 2589 778 2663 quod
792 2581 862 2646 setis
876 2594 947 2657 eret,
962 2592 1013 2648 sed
1026 2605 1085 2648 nec

114 2758 118 2787 r
138 2721 140 2726 ·
214 2687 363 2745 dominum
376 2687 437 2759 ejus
451 2704 515 2742 esse
529 2686 619 2754 lundi,
628 2703 684 2744 nec
695 2689 870 2746 locatorem:
886 2687 984 2746 uxoris
999 2706 1084 2744 esse:

213 2801 279 2842 eam
298 2786 390 2857 ipsam
410 2803 491 2842 snum
503 2785 650 2860 negotium
673 2804 787 2860 gerere:
810 2786 902 2859 ipsam
926 2788 1085 2852 locavisse.

214 2883 399 2940 Delendebet
433 2885 587 2942 Xenonem
615 2885 702 2940 homo
728 2901 839 2946 summo
863 2887 1026 2956 splendore,
1050 2890 1084 2944 et

211 2999 323 3039 summe
343 2982 512 3040 auctoritate
533 2979 687 3053 praeditus,
702 2979 745 3036 M.
760 2979 920 3036 cesserim.
963 2981 1024 3038 lste
1038 2983 1086 3040 ni·

212 3080 366 3142 nilominus
381 3081 525 3154 judicium
545 3079 607 3136 Hs
628 3095 726 3148 nxxx
737 3075 860 3135 millium
883 3079 979 3136 debet.
1021 3082 1081 3140 llle

212 3235 307 3348 lvflzgd
322 3234 488 3291 despoliundum
503 3233 530 3294 t]
561 3230 654 3280 Rectius
669 3231 727 3279 toret
744 3232 915 3290 dimolmndum,
932 3235 958 3280 ut
975 3237 1010 3280 est
1024 3233 1085 3282 inne

240 3372 263 3405 ⁴⁵
276 3371 425 3442 idprrdrntr's
438 3373 504 3440 eret]
535 3371 634 3418 Restitui
642 3376 742 3418 veterem
760 3371 887 3428 lectionem,
898 3386 939 3433 pro
963 3387 992 3418 us
1008 3371 1084 3418 Hoto-

210 3445 302 3478 mannus
324 3429 505 3476 deditinmlis
537 3429 667 3476 Utinsme
696 3431 817 3476 linmsset
805 3430 891 3491 niulqis,
911 3435 936 3476 et
961 3430 1084 3477 stinediei

209 3489 306 3535 ostendis
308 3494 363 3534 sein
350 3487 493 3546 crepuedrns
502 3486 528 3532 t'n
545 3488 598 3532 solis
614 3493 652 3533 ent.
665 3445 747 3535 xillud
763 3493 837 3534 sulem
855 3489 994 3535 commodum
1014 3489 1086 3535 hebet

206 3561 296 3594 semum
305 3551 441 3605 ¹nertqeu
376 3543 523 3602 rruejuicidm
486 3545 568 3589 rern
553 3545 654 3591 neronis.
671 3546 736 3592 sotir
740 3547 997 3594 erstnddefendendum
1008 3547 1087 3598 Xeno·

208 3619 306 3666 nemqu
293 3605 391 3650 ucdnon
400 3617 454 3648 arar
455 3616 493 3647 era
468 3601 610 3648 ra.tlundom
642 3603 704 3651 Nem
714 3603 753 3664 qui
762 3610 820 3662 erut,
830 3605 1013 3666 profiteridelret.
