2486 4212
221 339 284 400 iii
553 329 589 382 ¹³
602 327 746 380 mm

219 479 400 555 injnbatsm
414 478 531 538 videtis.
545 479 614 555 quisi
625 479 723 538 iacere
729 471 874 552 potestisi
893 470 1087 544 Utromoum

212 579 330 653 judiees
343 579 457 638 nitiade
477 578 602 652 poeonia
613 583 710 652 eapte,
728 575 896 642 conciliata,
910 578 1022 633 tantam
1035 591 1086 648 pa·

218 678 336 737 maiam
345 683 462 752 oaptam
474 677 639 752 negligeret
652 695 701 744 an,
709 677 833 735 oomiex
841 672 986 732 sooiorom
996 689 1087 732 eausa

209 783 318 851 ‘rogata
330 777 378 846 sit,
391 775 534 836 sociorum
547 775 739 851 querimonias
752 791 811 832 non
824 771 924 830 audire
937 767 950 829 i
970 769 1085 830 Vemm

218 877 275 934 boe
288 893 400 951 qnoque
413 874 497 932 vobis
510 873 633 933 remitto.
647 873 789 948 negligite
798 869 963 946 praeterita,
976 869 1003 926 si
1021 871 1086 928 vul·

218 973 275 1034 tir:
294 975 347 1032 sed
360 991 398 1032 ne
411 974 535 1048 reliquas
557 989 624 1047 spes
643 972 774 1040 turbetis,
787 976 873 1045 atque
896 985 998 1026 omoes
1021 983 1085 1041 pro·

218 1072 332 1130 vineias
355 1070 511 1140 evertatis3
531 1071 563 1130 id
582 1070 743 1145 providete,
766 1088 804 1128 ne
831 1067 982 1134 avaritiae,
1008 1081 1084 1140 quaa

216 1172 341 1230 antebso
354 1171 477 1230 ooenitia
490 1170 642 1230 itineribus
655 1175 742 1245 atquo
755 1167 883 1244 angustis
894 1166 939 1226 uti
948 1166 1084 1232 solebat,

202 1269 387 1344 naootoritata
410 1275 509 1328 vestra
522 1269 603 1328 viam
625 1267 807 1343 patefaciatis
829 1269 972 1328 iiiuatrem
994 1271 1083 1340 atque

215 1369 315 1426 iatam.
356 1369 435 1428 Nam
447 1369 474 1426 ai
486 1369 544 1426 boo
570 1367 705 1442 probatis,
719 1371 749 1426 et
767 1368 794 1426 si
807 1367 863 1426 boe
883 1367 983 1438 lisere,
995 1385 1082 1443 peen-

216 1467 281 1524 niaa
294 1467 350 1524 itio
363 1467 480 1526 nomiae
494 1466 571 1540 oapi,
588 1465 745 1539 judicatis:
762 1470 843 1524 berto
856 1467 922 1536 boe,
935 1469 1013 1543 qood
1033 1468 1083 1526 ad·

215 1565 378 1632 nonnemo,
392 1564 450 1622 nisi
475 1563 710 1637 immbisaimus,
736 1564 817 1632 feeit,
839 1567 961 1640 posthae
984 1583 1083 1634 nemo,

214 1661 274 1720 niti
286 1662 479 1730 atribuimus,
492 1679 551 1720 non
564 1660 661 1720 iaoiet.
703 1663 830 1737 improbi
843 1670 920 1733 aaut,
932 1664 981 1740 qui
995 1682 1083 1739 peoo-

215 1760 280 1820 nhs
292 1766 394 1820 oontm
406 1763 487 1836 leges
508 1766 635 1836 oogrrnts
653 1761 743 1829 stulti,
756 1762 814 1836 qui,
828 1764 904 1837 quod
926 1763 1017 1821 iibere
1034 1763 1084 1836 jn·

213 1861 405 1928 riieabtmeat,
418 1859 658 1934 praetermittent.
699 1859 827 1928 Deinde,
833 1860 1082 1934 judioeavisiete,

215 1975 302 2034 qoam
313 1958 459 2016 infinitam
471 1957 535 2015 sitis
547 1957 711 2014 bominibus
722 1957 873 2016 iioantiam
892 1959 1082 2032 pecuniarum

214 2055 427 2128 eripiendarum
438 2052 542 2112 datori.
584 2055 620 2112 Si
632 2058 729 2112 tomos
744 2056 879 2116 donam
900 2057 951 2132 qoi
971 2056 1083 2132 obtigit,

214 2151 270 2210 erit
279 2135 444 2211 abseiotusi
463 2155 627 2227 quaternos,
640 2150 751 2227 quinos,
764 2155 857 2214 denos
882 2155 1016 2231 denique,
1030 2161 1081 2214 ant

214 2250 336 2309 vioenoa
349 2255 437 2325 coget
459 2251 543 2310 aiios.
584 2252 668 2325 Quae
680 2251 737 2310 erit
749 2252 957 2327 reprehensio?
976 2253 1080 2330 inquo

213 2349 336 2425 prinum
348 2349 470 2426 injnrtm
483 2350 571 2424 gradu
585 2351 718 2408 resistere
731 2352 853 2426 incipiet
875 2353 1017 2434 severitas
1033 2353 1083 2428 jo.

212 2447 310 2508 dieis?
328 2453 430 2524 quouis
444 2448 500 2506 erit
510 2448 567 2505 iste
580 2449 725 2519 denarios,
738 2450 787 2525 qui
800 2468 858 2511 aon
873 2451 912 2509 sit
934 2451 1078 2520 terendos,

213 2552 244 2607 et
256 2548 355 2623 inquo
364 2546 487 2622 primam
499 2546 708 2605 aestimationis
720 2547 858 2624 iniquitas
870 2555 957 2625 atque
974 2550 1079 2624 impro-

211 2647 289 2708 bitas
307 2643 551 2722 reprehendatis?
572 2647 641 2706 Non
664 2647 777 2704 enima
795 2648 880 2706 vobis
893 2665 1013 2718 somma,
1026 2649 1080 2708 aeti

150 2775 154 2782 ¹
211 2765 303 2824 genos
317 2745 526 2805 aestimationis
539 2746 594 2804 erit
607 2747 831 2820 oomprobatum.
851 2763 946 2822 neque
959 2741 1017 2805 isoo
1030 2765 1080 2822 po·

212 2847 295 2904 testis
302 2846 446 2918 judittam,
458 2845 549 2903 ternis
562 2845 689 2904 denariis
702 2843 855 2902 aestimare
865 2845 974 2916 iioere3
994 2843 1078 2904 (lenm

212 2959 272 3000 non
285 2943 384 3000 linere.
398 2942 448 2999 ubi
461 2943 540 3000 enim
553 2946 643 3001 semei
663 2947 701 3002 ab
714 2955 848 3002 annonae
861 2945 983 3013 rationo,
997 2951 1028 3004 at
1040 2946 1078 3002 ab

214 3044 358 3098 aratorum
372 3041 522 3096 voluntate
535 3057 580 3096 res
594 3042 631 3097 ad
644 3041 782 3114 praetoris
795 3042 948 3102 libidinem
960 3045 1080 3102 banaia·

213 3143 244 3198 ta
256 3142 318 3208 est;
339 3154 399 3196 non
412 3141 456 3194 est
469 3137 534 3212 jam
547 3137 578 3195 in
592 3139 657 3214 iege
680 3145 766 3216 atque
790 3143 822 3200 in
841 3129 947 3210 officio,
970 3143 1024 3199 sesi
1047 3140 1077 3198 in

212 3240 365 3298 voluntate
378 3236 527 3300 hominum
541 3241 627 3314 atque
640 3239 765 3298 avaritia
777 3239 886 3314 positus
900 3241 1002 3302 modus
1018 3256 1078 3298 aes·

159 3329 343 3396 ibtimandi.
399 3338 581 3413 Quapropter
599 3337 625 3396 ai
657 3355 711 3396 voa
737 3341 828 3397 semel
854 3339 886 3397 in
914 3339 1078 3414 judicando

211 3433 300 3493 finem
313 3434 467 3509 aequitatis
480 3440 512 3494 et
524 3435 597 3510 legis
611 3437 800 3522 transieritis:
821 3437 936 3506 scitote,
950 3455 1004 3496 vos
1017 3437 1079 3496 nui·

212 3535 272 3590 ianr
285 3531 390 3588 ceteris
403 3531 436 3590 in
449 3533 630 3594 aestimando
642 3534 730 3596 finem
743 3535 936 3612 improbitatis
959 3539 991 3595 et
1010 3549 1079 3596 aaa·
