2438 4206
350 306 423 357 Διῒ.
439 307 469 357 11.
486 305 746 360 mammam&
931 315 973 376 95

110 439 291 529 negaturum.
311 454 401 530 turpis
424 455 503 514 enim
525 460 570 515 est
589 461 621 514 et
638 455 803 531 periculosa
820 455 974 515 confessio.

108 549 188 610 ltili
203 556 299 612 autem
312 553 368 612 lroc
390 555 559 628 perarduum
578 559 625 612 est
643 555 850 614 demonstrare.
870 552 974 628 quibus

109 649 192 708 enim
212 649 357 710 testibus?
374 651 562 725 publicanis?
584 653 702 712 tractati
721 653 879 712 honorilice
891 655 975 712 sunt:

110 751 256 808 tacebunt
286 748 308 783 '⁵
321 750 425 812 litteris
452 749 578 810 conum?
609 752 729 810 decreto
754 753 977 810 decumanorum

113 853 243 906 remotae
255 855 332 908 sunt.
374 851 441 924 Quo
453 867 500 908 me
521 849 608 925 igituu
621 839 758 910 vertam?
777 866 841 910 rem
853 853 914 908 tam
927 848 978 907 im·

109 948 238 1020 probam,
251 947 364 1006 crimen
376 953 478 1005 tantm
497 948 645 1017 audaciae,
658 953 815 1023 tantaeque
828 945 978 1020 impuden-

106 1043 178 1111 tiae,
190 1049 310 1116 propter
333 1045 464 1116 inopiam
483 1045 599 1104 testium
618 1064 653 1104 ac
672 1047 833 1104 litteramm
852 1049 978 1118 praeter·

108 1137 248 1200 micam?
274 1158 336 1198 non
360 1139 476 1209 faciam,
492 1143 615 1214 jndices.
635 1151 698 1201 utar
722 1148 805 1202 teste·
826 1139 908 1218 quo?
941 1141 976 1200 P.

112 1238 221 1298 Vettio
242 1237 379 1306 Chilone,
392 1239 509 1297 homine
529 1240 666 1314 equestris
685 1240 795 1297 ordinis
812 1239 979 1300 honestissi-

113 1355 164 1397 mo
176 1341 264 1414 atque
277 1337 480 1396 ornatissimo:
504 1337 554 1413 qui
566 1336 616 1394 isti
629 1337 670 1394 ita
683 1335 793 1394 amicus
806 1341 838 1394 et
849 1354 980 1395 necessa·

110 1437 171 1495 rius
185 1441 240 1505 est,
261 1441 302 1504 ut,
315 1435 432 1494 etiamsi
446 1435 493 1492 'vir
506 1437 599 1492 bonus
611 1451 671 1492 non
685 1439 772 1502 esset,
785 1439 893 1510 tamen,
906 1435 981 1510 quod

111 1541 216 1594 conus
235 1535 323 1593 istum
342 1533 463 1601 diceret,
483 1550 574 1608 grave
589 1532 753 1590 uideretur:
774 1532 816 1588 ita
830 1530 876 1590 vir
889 1535 980 1592 bouus

112 1639 168 1702 cst,
180 1639 224 1702 ut,
237 1631 352 1692 etiamsi
372 1630 588 1690 inimicissimus
608 1630 657 1688 isti
679 1635 767 1698 esset,
790 1635 889 1688 tamen
916 1631 978 1705 ejus

115 1731 286 1790 testimonio
304 1729 386 1788 credi
398 1733 552 1801 oporteret.
595 1727 763 1786 Admiratur
775 1733 806 1784 et
818 1733 980 1802 exspectat,

113 1829 255 1906 quidnam
265 1826 385 1884 Vettius
395 1826 521 1885 dicturus
534 1824 582 1882 ait
603 1814 771 1882 nihil‘dicet
782 1843 820 1882 ex
835 1831 980 1898 tempore:

114 1927 191 1986 nihil
206 1944 245 1983 ex
259 1942 312 1983 sua
325 1927 491 1984 voluntate:
516 1924 599 1994 nihil,
612 1929 644 1981 ut
663 1924 692 1980 ei
711 1923 852 1982 utrumvis
865 1923 982 1982 licuisse

115 2025 261 2084 videatur.
303 2023 388 2082 Misit
401 2024 432 2081 in
448 2023 581 2082 Siciliam
596 2023 707 2080 litteras
720 2023 757 2078 ad
772 2021 980 2096 Carpinatium,

115 2141 182 2181 cum
195 2127 273 2180 esset
286 2123 424 2198 magister
437 2123 604 2196 scripturae,
617 2129 648 2180 et
670 2123 732 2198 ejus
752 2123 899 2182 societatis
912 2124 981 2196 pub-

114 2221 285 2290 licanorum,
299 2237 368 2295 quas
388 2239 444 2294 ego
467 2222 628 2294 Syracusis,
641 2223 717 2294 apud
738 2221 936 2295 Carpinatium
947 2221 981 2278 in

116 2319 279 2377 litterarum
292 2321 442 2376 allatarum
456 2318 546 2386 libris,
560 2317 680 2388 Romae,
692 2319 725 2376 in
743 2318 903 2378 litteranrm
916 2319 981 2376 mis-

115 2434 214 2475 sarum
227 2418 303 2490 apud
317 2417 482 2490 magistrum
497 2417 639 2484 Tullium,
652 2415 825 2474 familiarem
837 2423 926 2485 tuum,
938 2415 982 2474 in·

115 2515 207 2574 veni:
227 2515 328 2590 quibus
350 2533 389 2571 ex
409 2515 513 2572 litteris
533 2516 740 2588 impudentiam
767 2515 982 2586 faenerationis,

116 2631 234 2691 quaeso,
252 2615 432 2688 cognoscite.
453 2631 610 2670 urrunnun
635 2629 748 2670 massan
768 2632 797 2671 n.
811 2631 932 2682 vnuurr,
951 2633 980 2672 n.

118 2730 268 2778 snnvrnrr,
281 2731 308 2768 c.
323 2701 474 2776 nnnrs‘urr,
488 2726 721 2766 uncrsraonuar.
755 2711 915 2768 Praestose
928 2711 983 2769 tibi

115 2809 162 2868 ait
175 2809 300 2865 suturam
312 2805 442 2874 Vettius,
462 2811 492 2862 et
506 2807 732 2876 observaturum,
745 2809 982 2884 quemadmodum

115 2907 247 2966 rationes
261 2907 297 2962 ad
321 2905 462 2962 aerarium
483 2905 603 2962 reseras:
624 2910 664 2975 ut,
679 2906 704 2964 si
716 2908 792 2965 hanc
812 2926 851 2966 ex
864 2909 982 2968 foenore

115 3007 226 3081 populo
239 3005 394 3079 pecuniam
407 3021 465 3062 non
480 3004 620 3074 retuleris,
629 3007 731 3063 reddas
744 3007 887 3065 societati
912 3009 981 3066 Pos-

117 3121 214 3162 sumus
229 3105 285 3163 hoc
299 3107 384 3172 teste,
397 3121 545 3178 possumus
567 3104 602 3162 P.
619 3105 739 3163 Servilii
752 3113 783 3164 et
798 3107 833 3164 C.
849 3107 981 3175 Antistii,

114 3200 137 3234 ⁸⁸
146 3203 355 3277 magistrorum,
367 3203 524 3277 primorum
544 3202 694 3260 hominum
713 3209 801 3278 atque
814 3203 982 3262 honestissi-

148 3355 171 3390 ⁶⁵
185 3355 265 3404 litteris
278 3356 379 3418 musal]
398 3355 567 3406 Sicaecssmio
575 3355 660 3402 conexi
669 3355 784 3414 vulgatum
794 3357 880 3402 dume
888 3360 983 3405 mum?

119 3413 210 3476 Nempe
218 3419 269 3462 sunt
276 3415 321 3462 duo
327 3431 407 3521 fflm
416 3417 505 3464 testium
513 3437 519 3463 ι
530 3415 641 3478 publicani
650 3414 699 3476 ipsi,
706 3419 730 3461 et
739 3415 816 3462 literae
822 3429 904 3462 eonrm.
916 3417 983 3479 idque

116 3473 334 3535 elanrmesequentr
376 3511 381 3520 .
406 3475 512 3522 Editores
524 3473 792 3535 veteresputabanthaec
806 3489 854 3522 esse
867 3477 984 3534 conjuncta

119 3545 190 3592 mque
199 3532 227 3578 ad
236 3537 329 3579 ceraulae
337 3539 397 3591 sunt,
407 3533 482 3595 itaque
490 3533 562 3580 literis
570 3533 686 3580 mutabant
695 3533 718 3579 in
727 3534 810 3581 literas

148 3609 172 3642 ⁸⁸
186 3611 344 3669 metiemur
358 3611 447 3672 literis]
477 3611 562 3663 latent
576 3611 658 3672 delevi,
667 3611 727 3674 quod
742 3627 787 3662 nou
801 3617 836 3663 ec
849 3611 873 3661 ia
887 3611 939 3660 edd.
948 3624 982 3672 pr.
998 3601 1002 3610 ’
