2428 4212
227 317 292 382 Μ
563 309 598 364 dl
612 309 756 362 vultam

225 458 342 520 remitto
352 463 440 536 alque
449 459 591 520 eonosdu.
632 461 693 518 dod
707 459 773 527 hoo,
783 459 873 518 nomo
884 457 1088 528 suentiu'mse.

224 573 285 616 uon
297 556 439 633 intolliy'a
453 557 546 632 priore
558 557 676 616 setiam
688 559 727 614 ab
739 555 810 631 ipsis
820 557 884 614 istis
897 557 954 616 tuis
969 556 1090 616 Mamer·

224 655 294 716 tinia
308 657 504 718 leudstoribru
517 675 581 716 erae
604 653 767 714 sublatum?
789 655 870 714 Nam
890 655 968 716 diait
991 657 1088 730 Hejns‚

222 752 362 826 prineapa
384 755 525 824 divitatis,
546 755 680 829 prineeps
693 754 775 814 istius
790 753 954 828 legationis,
968 771 1041 830 quise
1052 757 1088 814 ad

222 855 302 910 mam
316 853 510 912 laudationem
532 853 619 912 misae
640 857 694 922 est,
711 868 820 912 nerem
841 851 895 910 tibi
913 852 1009 925 operis
1021 854 1087 926 puls

221 947 287 1008 lioia
309 949 546 1008 Mamertinorum
559 967 624 1008 esso
637 950 830 1018 aedificatam,
841 950 927 1025 eique
939 950 1087 1010 faciendae

219 1050 382 1106 mastonem
406 1047 613 1106 Mamertinum
632 1048 747 1121 publius
760 1047 927 1122 praefuisse.
967 1049 1086 1124 Reliqua

220 1147 266 1204 ast
278 1145 425 1204 materies.
466 1147 554 1204 Mene
568 1145 721 1221 Rhegium,
733 1151 765 1204 ut
777 1145 834 1220 ipsi
846 1145 949 1204 dieunt
961 1143 1086 1224 (temetsi

220 1247 251 1302 tu
264 1259 371 1318 negare
394 1261 454 1304 uon
474 1241 708 1322 potes)publiee,
720 1245 796 1320 qrrod
809 1244 979 1304 Mamertini
1000 1250 1085 1304 mats·

172 1359 211 1418 19
221 1342 294 1402 uiam
306 1359 367 1402 non
379 1343 497 1412 hahent,
507 1343 696 1418 imperavisti.
738 1342 772 1400 Si
785 1347 816 1400 et
828 1361 867 1400 ex
880 1361 937 1418 quo
945 1343 980 1406 st
993 1344 1086 1414 neris,

218 1441 308 1516 etqui
325 1441 446 1509 laniunt,
464 1441 587 1514 imperio
605 1441 660 1500 libi
684 1445 743 1509 tuo,
766 1457 827 1500 non
850 1441 952 1516 pretio,
972 1445 1084 1516 praesto

219 1540 354 1607 luemnt;
374 1538 424 1596 ubi
437 1539 554 1596 tandem
566 1538 642 1598 iatue
655 1540 736 1606 lutet,
749 1539 825 1613 quod
838 1544 869 1600 tu
882 1540 920 1596 de
940 1543 990 1598 tua
1004 1557 1085 1614 pson-

219 1635 358 1695 niadiois
371 1634 555 1710 impensuml
587 1638 630 1696 Al
643 1637 814 1696 Mamertini
836 1638 868 1696 in
890 1639 995 1696 tabulis
1013 1638 1085 1698 nihil

218 1735 337 1794 hebeni.
379 1735 508 1794 Primum
531 1735 628 1804 video,
647 1736 775 1810 potuisse
796 1736 867 1804 lieri,
880 1741 913 1794 ut
925 1754 965 1796 ex
976 1737 1086 1796 aerario

218 1832 293 1894 uluil
313 1835 427 1894 darent
467 1835 587 1894 Etenim
607 1832 626 1866 ⁵⁰
638 1837 687 1894 vel
712 1834 898 1908 capitolium,
911 1834 988 1895 siout
1010 1837 1085 1910 apud

215 1931 338 2004 maiores
360 1937 472 1990 nostros
495 1933 608 1990 laeuum
629 1937 682 2002 est,
703 1932 828 2006 publice,
853 1933 953 2008 gratis,
974 1933 1084 1993 ooaods

216 2029 313 2096 labris,
333 2030 483 2102 operimus
503 2029 661 2102 imperatis,
683 2030 869 2093 exaedifimri
894 2034 981 2106 atque
1009 2031 1085 2090 elisi

214 2125 327 2198 potuita
345 2125 462 2192 deinde,
475 2125 505 2183 id
518 2127 594 2199 quod
616 2127 761 2200 perspiuio
780 2125 869 2204 (quod
883 2131 913 2188 et
924 2131 1086 2196 ostendam,

214 2237 282 2280 eum
294 2221 365 2282 istos
386 2220 570 2301 produxerm)
583 2223 709 2298 ipsorum
732 2243 771 2282 ex
792 2226 907 2296 litteris,
919 2230 1024 2286 multas
1037 2245 1087 2301 pe·

214 2321 317 2380 eunias
326 2320 377 2380 isti
389 2326 529 2396 erogatas,
544 2323 575 2382 in
587 2340 705 2397 opemm
718 2324 878 2382 loontiones
891 2325 978 2384 laisss
998 2331 1086 2400 atque

213 2420 316 2478 inanes
336 2418 356 2452 ω
365 2437 430 2476 esse
445 2419 626 2493 perseriptas.
666 2422 696 2478 N
697 2439 745 2480 am
758 2421 832 2480 illud
845 2423 966 2482 minime
979 2423 1087 2482 mlum

215 2523 270 2586 est,
283 2517 483 2586 Mamertinos,
497 2533 515 2573 a
538 2535 595 2593 quo
618 2536 759 2578 summum
778 2521 952 2581 beneficium
965 2537 1090 2594 senepe-

214 2621 291 2687 rant,
311 2634 396 2692 quem
417 2615 475 2674 sibi
501 2602 690 2686 amiciorem*
706 2634 792 2691 quam
818 2621 926 2697 populo
954 2620 1091 2678 Romano

214 2735 278 2776 esse
291 2719 498 2790 cognoverant,
511 2715 572 2789 ejus
586 2715 677 2788 ospiti
697 2713 800 2773 litteris
822 2715 881 2790 suis
906 2717 1088 2790 pepercisse.

216 2817 277 2874 Sad
299 2814 326 2872 si
346 2817 515 2886 argumento
534 2817 588 2882 est,
601 2811 790 2872 Mamertinos
804 2813 942 2887 pecunias
957 2814 1012 2872 tibi
1026 2831 1093 2877 nou

215 2910 339 2976 dedisse,
360 2911 427 2984 quis
447 2909 585 2982 seriptum
608 2929 667 2968 non
689 2911 817 2971 habente
841 2911 881 2968 sit
901 2919 1091 2987 argumento,

214 3005 270 3064 libi
282 3005 370 3078 gratis
378 3009 511 3062 constare
520 3024 635 3075 navem,
649 3010 725 3084 quis,
738 3009 807 3084 quid
820 3011 932 3079 emeris,
952 3017 1004 3070 aut
1016 3013 1096 3088 quid

215 3103 368 3171 locaveris,
381 3102 518 3175 scriptum
531 3104 654 3177 prolerre
668 3125 727 3165 non
741 3112 832 3180 potes.

246 3257 267 3294 Β
281 3258 316 3305 nel
336 3256 470 3315 Capitolium
496 3271 550 3320 opus
576 3257 661 3306 seilicet
679 3259 831 3320 longe'majus
847 3259 932 3318 cyse.
973 3259 1099 3324 Loquitm

202 3337 205 3342 ·
217 3321 292 3364 autem
299 3317 328 3362 de
335 3317 469 3379 Capitoliou
478 3318 536 3374 tero,
545 3333 560 3364 n
569 3311 651 3364 Catulo
658 3318 775 3368 restituto·
785 3345 795 3354 -
803 3347 813 3355 ·
820 3321 881 3378 apud
888 3320 981 3378 umjons
986 3325 1100 3370 metr-os:

218 3374 370 3434 cumprimum
380 3375 516 3437 Capitolium
525 3377 689 3425 aedilimbstur.

247 3452 269 3485 ⁵⁹
283 3465 326 3517 esse
337 3454 477 3513 perscriptos]
493 3453 609 3516 incriptas
628 3455 651 3502 in
668 3455 773 3516 expensis,
793 3460 898 3518 tanquam
917 3461 1048 3506 oonsumtas
1071 3459 1099 3506 in

218 3507 364 3582 locationibus
379 3525 472 3574 operum
490 3512 636 3576 publicorum.
660 3514 829 3577 intelligendum
848 3519 956 3564 autema
974 3517 1101 3585 principio

216 3567 287 3619 adeo.
