2418 4208
346 318 416 374 ror.
433 322 463 372 u.
487 317 749 376 nunnoumrue
918 323 982 386 pop

115 462 186 536 mu,
198 482 259 528 non
271 467 321 546 qui
342 469 461 528 novisse
474 467 612 538 Genium,
623 469 674 526 sed
684 465 734 542 qni
757 479 790 524 se
804 464 917 525 vidisse
939 465 983 524 ‹li-

113 568 224 633 nerent,
235 581 305 646 eum
315 566 351 633 is,
360 566 409 642 qui
419 584 451 626 se
464 567 564 626 eivem
577 567 741 626 Romanum
753 583 819 624 esse
832 567 982 634 elemeret,

111 658 145 720 tn
165 677 283 722 oruoem
305 669 445 740 ageretur.
493 664 560 723 Boo
581 668 622 732 tu,
643 663 764 731 Verres,
785 664 863 721 idem
886 661 981 723 diois:

111 756 169 816 hoo
182 763 215 816 tu
226 761 373 820 confiteris
384 761 470 820 illum
485 760 660 830 clamitasse,
673 779 705 820 se
726 760 826 820 oivem
845 777 909 818 esse
924 760 982 818 lto·

112 845 247 914 menum:
267 859 352 932 spuo
365 863 395 918 te
413 876 522 918 nomen
541 858 673 917 civitatis
687 877 725 917 ne
739 863 852 917 tontum
865 857 982 933 quidem

112 953 250 1022 velumse,
271 961 303 1014 ut
323 956 534 1016 dubitationem
556 958 701 1034 uliquem3
731 961 763 1016 ut
786 955 980 1016 erudelissimi

111 1051 326 1126 taeterrimique
336 1052 474 1128 supplicii
486 1053 612 1130 aliquam
621 1074 742 1131 parvom
753 1072 862 1114 morem
876 1057 981 1114 saltem

110 1152 209 1224 posset
228 1149 338 1210 offerre.
379 1151 446 1210 lioo
470 1156 567 1221 teneo,
579 1152 630 1211 lsio
651 1155 767 1222 mereo,
783 1153 909 1228 judiees,
923 1154 980 1212 hoe

109 1261 174 1306 sum
193 1251 348 1309 eontentus
368 1266 443 1307 uno:
463 1250 568 1308 omitto
589 1265 625 1308 so
649 1251 767 1326 negligo
789 1257 906 1310 uetere:
927 1268 981 1310 suo

109 1343 292 1406 comesione
305 1345 488 1430 indueturoo
509 1346 658 1422 juguletur
680 1365 802 1407 neeesse
824 1353 878 1405 est.
921 1348 980 1420 Qui

110 1442 377 1518 essetignorebes?
396 1447 681 1519 spoeuletoremesse
692 1442 899 1520 suspiesbere?
918 1462 980 1503 non

110 1557 225 1616 queem,
237 1559 294 1618 quo
306 1543 489 1617 suspicione:
510 1549 561 1602 tue
579 1549 609 1601 te
629 1561 735 1602 eoeuso
747 1543 888 1602 oratione.
930 1543 979 1602 ci-

108 1654 178 1698 vem
191 1639 355 1700 Romanum
367 1659 432 1700 esse
444 1641 571 1700 dicebat
613 1641 647 1700 Si
667 1645 699 1700 tu
718 1643 794 1716 opud
808 1641 912 1700 Perses
928 1645 980 1700 eut

108 1735 142 1796 in
153 1742 284 1796 extreme
297 1739 383 1798 Indis
395 1741 601 1814 deprehensus,
614 1739 733 1808 Verres,
746 1741 785 1798 erl
804 1739 978 1813 supplicium

107 1835 263 1894 lueerere:
283 1836 352 1912 quid
372 1837 451 1897 eliud
471 1837 645 1906 olemitnres,
658 1836 716 1895 nisi
740 1841 771 1895 te
794 1836 893 1895 civem
914 1855 978 1896 esse

109 1931 296 1993 Romonum?
321 1940 362 2004 et,
374 1935 400 1994 si
414 1935 469 1994 tibi
481 1936 583 2011 ignoto
595 1936 670 2010 opud
684 1935 808 2010 ignotos,
821 1936 898 2009 sputi
917 1935 978 1994 bor·

107 2031 204 2100 beros,
214 2035 291 2108 opud
310 2034 444 2100 homines
457 2035 490 2094 in
503 2033 642 2094 extremis
655 2039 741 2108 etque
761 2032 870 2092 ultimis
885 2034 978 2108 genti·

107 2131 160 2190 bus
173 2131 291 2206 positos,
303 2133 401 2193 nobile
414 2137 445 2192 et
457 2133 568 2192 illustre
581 2133 658 2207 apud
671 2149 772 2190 omnes
785 2150 895 2191 nomen
910 2137 977 2191 tune

105 2228 237 2288 civitatis
257 2231 430 2303 profuisset:
460 2231 522 2299 ille,
544 2230 672 2306 quisquis
697 2235 768 2298 emt,
782 2248 869 2305 quem
891 2236 922 2288 tu
944 2231 977 2290 in

106 2343 225 2414 eruoem
234 2325 375 2400 sepiebas,
387 2327 438 2402 qui
450 2327 505 2387 tibi
520 2333 598 2386 esset
607 2329 733 2403 ignotus,
744 2345 813 2385 oum
831 2328 930 2388 oivem
944 2347 976 2388 se

108 2425 276 2486 Romanum
299 2443 364 2484 esse
387 2425 516 2504 dioeret:
536 2428 613 2500 nputl
634 2431 664 2484 te
685 2431 855 2501 praetorem,
870 2426 895 2484 si
915 2443 976 2485 non

107 2525 254 2602 effugium,
273 2545 312 2586 ne
334 2543 446 2584 morsm
468 2526 584 2603 quidem
597 2525 707 2595 mortis,
719 2525 868 2584 mentione
890 2528 976 2602 etque

107 2624 294 2700 usurpatione
304 2624 445 2693 civitatis,
457 2624 572 2701 assequi
579 2621 693 2700 potuit?
713 2622 854 2682 Homines
865 2628 976 2694 tenues,
985 2631 1026 2689 65

106 2724 231 2782 obscuro
242 2725 310 2782 looo
321 2722 394 2791 nati,
407 2722 564 2796 navigant:
584 2722 692 2780 adeunt
705 2723 742 2778 ed
762 2738 798 2778 eo
813 2722 888 2788 loon,
901 2739 974 2796 quae

104 2837 261 2896 numquam
280 2825 369 2880 entes
386 2821 538 2879 videmnt:
567 2819 617 2878 ubi
641 2836 736 2896 neque
757 2818 819 2876 noti
842 2836 906 2875 esse
928 2819 974 2887 iis,

105 2935 164 2995 quo
184 2924 335 2989 venerunt,
354 2936 449 2994 neque
471 2935 586 2992 semper
603 2935 672 2975 oum
694 2915 889 2990 cognitoribus
909 2933 973 2972 esse

104 3020 235 3093 possum.
286 3017 351 3075 fluo
365 3033 423 3074 une
440 3020 539 3105 tomep
552 3015 658 3074 fiducie
670 3013 801 3074 civitatis
814 3031 874 3072 non
886 3015 973 3072 modo

104 3116 183 3190 apud
203 3119 315 3174 nostros
334 3114 592 3192 magistratumqui
611 3119 643 3172 et
661 3116 758 3188 legum
777 3118 808 3170 et
827 3112 972 3170 existimo·
1000 3147 1003 3150 -

103 3213 194 3272 tionis
203 3213 334 3287 periculo
345 3212 548 3286 eontinentur:
569 3229 663 3286 neque
683 3210 758 3283 opud
777 3208 860 3268 oives
879 3209 972 3266 solum

105 3311 263 3379 Romanos,
276 3311 326 3386 qni
339 3315 371 3370 et
379 3309 530 3377 sermonis,
538 3313 569 3366 et
575 3307 658 3382 juris,
669 3311 700 3363 et
713 3308 865 3363 multarum
878 3323 972 3363 rerum

102 3409 245 3468 sooietote
263 3409 361 3482 junoti
379 3413 455 3478 sunt,
468 3408 529 3466 iore
547 3426 579 3465 se
603 3411 680 3466 tutos
702 3405 889 3464 arbitrantur:
910 3405 971 3476 sed,

103 3523 276 3584 quoeunque
289 3507 435 3579 venerint,
455 3508 532 3567 hono
551 3506 608 3590 sibi
626 3521 687 3565 rem
699 3501 844 3582 praesidio
856 3509 972 3579 sperent

143 3620 215 3666 vor..
228 3623 259 3664 v.
503 3601 572 3663 26*
