2428 4212
207 321 270 380 20⁶
543 309 577 358 ΙΝ
592 308 735 364 VERREM

205 465 309 530 solent,
322 465 353 519 st
366 458 577 536 ιιιιιιιιιᾳιιὶιιιιιιε
590 459 752 525 ostendere,
772 473 841 532 quos
861 455 907 516 illi
927 445 1067 534 niystago

204 579 257 634 gos
270 565 388 629 vocant,
407 575 580 618 conversam
597 557 661 631 jem
674 559 783 614 babent
795 556 1067 616 demonstrationem

205 673 295 727 suam,
310 664 421 717 namot
433 663 502 716 ante
515 658 760 723 demonstrabant,
770 655 841 729 quid
852 654 957 729 ubique
972 662 1047 714 esset
1060 676 1067 710 :

203 760 245 818 ita
265 775 353 826 nuno,
366 756 434 832 quid
448 756 572 830 undique
592 757 720 813 ablatum
732 753 781 822 sit,
794 755 961 812 ostendunt.

241 857 262 890 '¹
279 858 357 932 Quid
370 853 453 914 tum?
471 854 650 914 mediocrine
664 854 783 912 tandem
795 855 896 910 dolore
913 871 961 910 eos
981 854 1064 914 affec·

202 963 248 1015 tos
269 975 333 1015 esse
357 951 563 1014 arbitramini?
583 970 642 1010 non
656 953 698 1012 ita
711 958 765 1019 est,
779 951 914 1024 judices:
936 953 1063 1026 primum,

201 1056 276 1132 quod
300 1071 399 1112 omues
421 1053 561 1128 religione
584 1056 755 1110 moventur:
784 1056 814 1108 et
832 1049 931 1108 ⁵⁰deon
953 1054 1065 1125 patrios,

200 1171 271 1230 quos
282 1171 301 1211 o
315 1153 468 1226 majoribus
482 1155 668 1226 acceperuut,
681 1150 819 1208 colendos
832 1149 890 1208 sibi
912 1151 1064 1226 diligenter

200 1259 231 1311 et
251 1253 418 1310 retinendos
439 1269 503 1308 esee
524 1250 711 1308 arbitrantur:
738 1249 846 1307 deinde
867 1249 915 1306 hic
939 1256 1064 1320 ornatus,

201 1353 275 1410 haec
289 1368 376 1425 opera
389 1355 474 1426 atque
488 1349 620 1417 artificio,
630 1349 721 1422 signa,
733 1349 847 1406 tabulae
861 1349 968 1422 pictae,
977 1351 1066 1410 Grae·

201 1473 252 1514 coe
265 1453 399 1510 homines
413 1449 504 1508 nimio
517 1467 604 1523 opere
621 1451 779 1508 delectant.
822 1450 923 1524 ltaque
946 1469 986 1509 ex
1007 1451 1068 1509 illo·

201 1569 264 1610 rum
290 1547 477 1625 querimoniis
509 1548 674 1622 intelligere
708 1565 867 1620 possumus,
901 1550 976 1607 baec
1011 1551 1069 1610 illis

201 1648 387 1708 acerbissima
401 1646 504 1714 videri,
517 1663 591 1722 quae
604 1645 724 1704 forsitan
744 1646 827 1704 nobis
850 1647 928 1704 levia
948 1654 980 1706 ct
1000 1667 1068 1708 con·

201 1749 359 1808 temnenda
382 1765 445 1804 esse
473 1745 634 1804 videantur.
690 1743 766 1802 Mihi
793 1746 913 1814 credite,
941 1747 1068 1820 judices,

201 1846 332 1926 (tametsi
346 1845 537 1919 vosmetipsos
551 1846 624 1902 baec
639 1844 740 1902 eadem
760 1843 858 1902 audire
881 1851 962 1904 certo
984 1846 1070 1926 scio,)

201 1963 269 2004 cum
282 1948 387 2002 multae
406 1943 574 2016 acceperint
594 1960 644 2015 per
665 1942 754 2000 hoece
772 1960 864 2001 annos
888 1946 962 2002 socii
983 1958 1069 2024 atque

202 2049 321 2100 exterae
332 2041 465 2098 nationes
478 2040 659 2097 calamitates
670 2045 700 2098 et
708 2041 844 2116 injuriam
859 2046 952 2102 nullas
961 2045 1070 2105 Graeci

202 2139 335 2198 homines
348 2137 464 2212 gravius
478 2140 613 2206 tulerunt,
633 2157 689 2196 nec
713 2140 815 2208 ierunt,
833 2160 918 2218 quam
938 2145 1071 2218 hujusce·

206 2239 285 2298 modi
298 2236 486 2312 spoliationes
506 2239 636 2296 tenorum
656 2243 741 2313 etque
763 2240 940 2313 oppidorum.
982 2245 1072 2302 Licet

204 2339 259 2397 iste
273 2337 352 2396 dicat
365 2335 470 2394 emisse
483 2355 524 2405 se,
538 2336 624 2395 sicuti
647 2339 722 2394 solet
735 2338 851 2394 dicere:
880 2341 990 2400 credite
1012 2345 1071 2402 hoc

205 2437 286 2504 mihi,
301 2435 435 2510 judices:
464 2437 544 2492 nulla
567 2453 701 2510 umquam
721 2435 828 2494 civitas
853 2443 914 2498 tota
938 2441 1014 2498 Asia
1040 2448 1073 2501 et

206 2534 341 2603 Graecia,
368 2532 510 2608 ⁰⁰signum
543 2535 645 2603 ullum,
674 2535 761 2592 ullam
794 2538 921 2596 tabulam
949 2539 1073 2613 pictam,

235 2691 256 2724 ⁶⁸
270 2689 415 2749 Quidtuml]
447 2689 613 2737 Haeetormula
623 2693 656 2736 est
665 2693 742 2736 contra
754 2691 933 2750 argumentantis,
949 2697 1073 2742 externam-

205 2749 242 2805 tis,
253 2749 355 2795 instantis
365 2766 370 2792 ι
386 2762 443 2808 quae
452 2749 527 2796 omnia
536 2754 586 2796 sunt
594 2748 675 2796 aliena.
706 2749 743 2794 An
752 2748 901 2810 interpunctio
919 2755 1036 2808 mutanda.
1045 2761 1074 2803 et

205 2808 293 2855 sublato
302 2822 337 2862 ne,
357 2807 416 2866 quod
433 2821 447 2851 a
462 2809 571 2853 nonnullis
590 2807 652 2855 libris
666 2807 737 2863 abest,
752 2807 901 2857 scribendum:
918 2811 981 2864 Quid
989 2815 1001 2858 l
1022 2820 1076 2862 tum

205 2865 310 2910 mediocri
320 2869 335 2910 t.
343 2865 365 2909 ot.
376 2864 413 2909 vel
423 2866 551 2923 permutatis
560 2865 683 2925 partientis:
696 2867 760 2917 Quid
767 2869 869 2914 moni
878 2871 983 2917 moduni
990 2875 1072 2920 tund

204 2922 257 2968 Hoc
264 2936 339 2966 verum
349 2925 410 2980 puto.
442 2922 489 2967 Ms.
501 2922 544 2970 Gu.
560 2923 623 2974 Quid
632 2927 717 2970 moreni
731 2927 790 2995 quod
808 2927 890 2974 iactum
900 2929 988 2976 videtur
997 2945 1012 2976 e
1022 2937 1077 2978 tore-

205 2980 260 3025 dem.
292 2980 355 3025 Haec
364 2978 433 3024 verta
442 2993 508 3039 saepe
518 2979 540 3024 in
550 2980 610 3026 libris
620 2988 750 3040 permutari,
763 2988 839 3030 notum
848 2989 889 3032 est.

234 3058 256 3090 ⁵⁹
270 3057 319 3104 deor
325 3057 414 3114 potuita,
424 3071 498 3126 pmcn
507 3058 784 3120 commemorassem]
815 3062 891 3108 Verba
901 3064 980 3111 ultima
989 3081 1004 3112 a
1013 3067 1079 3126 glos·

205 3121 279 3168 satore
288 3116 365 3163 addita
373 3120 450 3177 putam
458 3129 555 3176 semper:
572 3117 623 3178 quia
633 3132 699 3166 nemo
714 3121 802 3166 Romae
811 3135 854 3168 non
871 3121 1020 3182 intelligebat,
1048 3127 1076 3172 ui

205 3184 276 3227 essem
288 3177 326 3226 Dii
335 3175 410 3238 patrii,
420 3179 444 3222 et
462 3174 561 3223 exoritur
577 3176 643 3236 plane
659 3176 743 3226 inutilis
757 3197 902 3247 canosam,
913 3183 936 3228 in
952 3198 998 3244 qua
1014 3187 1035 3230 ni
1057 3185 1077 3230 'l

205 3242 246 3288 nisi
257 3257 358 3290 numerus
368 3245 441 3304 potest
450 3254 498 3286 esse
506 3242 624 3302 quaesitus.

233 3321 255 3352 ⁶⁰
269 3320 359 3377 sigerum
368 3321 543 3382 ullomodo]
568 3321 625 3368 uda.
652 3323 833 3379 cononicus.
865 3325 985 3384 Singularis
1003 3342 1079 3374 venas

204 3381 254 3435 est;
270 3391 334 3444 poem
343 3381 447 3428 induxere
457 3381 482 3428 P.
502 3380 621 3436 Victorius,
632 3337 656 3427 d.
675 3381 801 3438 Manutius,
818 3387 896 3444 estque
911 3385 933 3430 in
947 3385 992 3432 Gn.
1024 3387 1078 3432 Sed

203 3440 288 3500 monuit
303 3435 394 3486 Hotom.
404 3440 541 3486 scribendum
551 3453 599 3485 esse
607 3441 679 3486 uuam
688 3445 703 3485 t.
713 3455 736 3496 p.
747 3441 844 3501 optime:
861 3442 912 3502 quia
921 3449 944 3488 et
954 3443 976 3489 in
987 3445 1078 3490 ultimo

202 3495 317 3560 repetdur.
348 3497 419 3566 lfossls
426 3497 496 3567 etiam
505 3497 612 3568 conjicere
619 3502 668 3566 trad,
678 3499 737 3560 quod
746 3499 769 3546 in
787 3505 807 3545 et
816 3505 925 3548 mutatum
940 3500 975 3548 sit.
1010 3503 1078 3550 Mox

202 3553 591 3660 Sffisswffiffi'fflmm'
603 3557 690 3604 ardetur
702 3571 751 3604 esse
769 3563 850 3606 vrtrum
865 3573 990 3621 operarum.
1022 3561 1076 3608 Sed
