2438 4206
219 343 261 404 30
554 313 748 380 invnnnnu

218 482 309 544 velis:
333 482 360 542 si
379 497 419 540 ex
437 479 591 555 provincia
614 478 717 540 Sicilia
738 481 800 534 tota
819 479 928 536 statuae
951 472 1088 534 idoneum

210 583 354 658 judicem,
368 586 418 638 aut
431 584 660 654 recuperatorem
671 579 781 634 nullum
791 593 874 648 posse
883 574 1012 648 reperiri,
1026 593 1088 647 pos·

130 697 132 702 ’
216 683 290 740 tutat
317 697 336 738 a
361 684 401 748 te,
424 685 456 736 ut
483 679 607 736 Romam
629 675 752 749 rejicias.
794 674 853 732 Hic
881 673 1033 732 enimvero
1056 679 1087 730 tu

217 782 377 847 exclamas,
388 777 535 840 homiuem
550 776 719 850 improbum,
730 773 778 850 qui
791 775 927 846 postulet,
938 771 1027 828 ibide
1038 777 1088 828 tua

217 877 434 936 existimatione
449 855 594 950 judicium
607 873 679 942 fieri,
701 872 751 929 ubi
775 876 804 928 te
825 870 1004 930 invidiosum
1024 887 1087 928 esse

217 973 402 1049 ³⁹intelligat.
424 991 513 1048 negas
534 978 563 1031 te
588 973 712 1030 Romam
736 953 1089 1042 rejecturumz'negasde

217 1078 366 1132 conventu
380 1064 594 1144 reciperatores
608 1071 740 1127 daturum
752 1089 758 1124 :
772 1069 921 1126 cohortem
935 1070 1013 1124 tuam
1026 1085 1089 1140 pro-

217 1172 311 1248 ponis.
354 1170 520 1229 Scandilius
539 1187 600 1226 rem
618 1187 650 1224 se
663 1173 754 1226 totam
774 1166 941 1224 relicturum
962 1164 1044 1232 dicit,
1057 1170 1089 1224 et

217 1288 270 1330 suo
284 1275 411 1344 tempore
425 1286 489 1328 esse
502 1267 668 1324 rediturum.
711 1265 789 1338 Quid
810 1269 840 1323 tu
854 1264 895 1320 ihi
914 1261 998 1320 tum?
1018 1265 1089 1339 quid

216 1366 313 1428 iacis?
328 1366 510 1440 ScandiIIum
529 1364 619 1439 cogis.
634 1361 725 1440 quid?
744 1361 765 1393 ⁴⁰
775 1362 964 1436 sponsionem
985 1381 1089 1436 accep·

218 1472 278 1526 tam
291 1463 408 1524 iacere?
431 1463 451 1496 ⁴¹
467 1464 653 1536 Impudeuter
672 1461 750 1518 tollis
763 1467 966 1534 exspectatum
986 1462 1087 1520 existi·

217 1564 354 1622 motionis
369 1561 592 1634 tuaejudicium.
607 1577 667 1618 nou
680 1559 762 1619 iacis.
784 1559 862 1631 Quid
876 1558 966 1634 ergo?
994 1544 1090 1634 Apro·

217 1661 269 1720 nio
282 1659 433 1734 permittis,
447 1663 488 1728 ut,
501 1675 572 1733 quos
586 1657 669 1725 velit,
681 1659 717 1714 de
731 1659 850 1715 cohorte
863 1663 957 1716 sumat
970 1676 1096 1740 recupe-x

218 1757 350 1818 ratores?
372 1759 537 1834 Indignum,
563 1757 616 1815 uni
639 1756 734 1830 potius
758 1775 797 1814 ex
818 1739 925 1832 iniquis
946 1757 1088 1824 sumendi,

219 1877 304 1936 quam
324 1858 451 1934 utrisque
472 1873 510 1915 ex
532 1855 630 1933 aeqru's
650 1855 802 1928 rejiciendi
822 1855 884 1912 fieri
905 1861 1089 1933 potestatem·

219 1959 363 2016 Neutrum
376 1957 447 2014 iacis
461 1973 567 2014 eorum.
611 1954 689 2026 Quid
702 1951 791 2028 ergo?
810 1955 864 2012 Est
877 1954 996 2030 aliquid,
1011 1956 1088 2031 quod

218 2056 376 2128 improbius
390 2054 451 2112 fieri
465 2058 568 2126 potest.
583 2053 663 2126 cogit
676 2051 755 2110 enim
771 2053 952 2116 Scandilium
960 2054 1088 2130 quinque

218 2152 272 2210 illa
293 2152 385 2209 millia
408 2149 526 2208 uumrim
545 2152 613 2208 dare
635 2155 719 2224 atque
741 2152 927 2210 adnumerare
943 2153 1085 2226 Apronio.

222 2250 301 2324 Quid
318 2249 411 2323 potuit
428 2248 589 2325 elegantius
602 2249 700 2307 iacere
721 2255 835 2323 praetor
848 2251 968 2324 cupidus
989 2249 1088 2308 existi·

220 2349 356 2410 motionis
376 2352 485 2434 bonae:
509 2349 559 2424 qui
584 2351 621 2406 ab
637 2365 701 2406 sese
723 2366 839 2407 omnem
862 2347 1089 2423 ⁴²suspicionem

221 2519 270 2552 mm
280 2505 309 2551 de
323 2503 425 2551 oratione
434 2517 507 2551 sermo
516 2507 557 2550 est.
571 2503 608 2550 hic
617 2503 645 2552 de
654 2503 714 2549 iacto
727 2501 824 2564 loquitur
833 2507 857 2550 et
866 2504 889 2551 in
898 2508 984 2566 purtem
992 2504 1091 2552 deterio-

220 2577 275 2621 rem,
291 2563 417 2610 ubioraure
432 2563 505 2610 locum
512 2577 559 2627 pon
570 2566 644 2624 potest
657 2561 745 2609 habere.
776 2563 1090 2624 consuscitaremur

219 2625 282 2682 otqm
290 2627 381 2668 onerat.-
391 2626 416 2667 at
424 2621 447 2667 in
457 2620 555 2680 margine
564 2626 637 2678 auget.

249 2701 272 2734 ³⁹
284 2700 413 2762 intelligat]
445 2698 481 2746 Sic
490 2701 537 2746 aine
547 2698 696 2746 haesitatione
711 2698 811 2761 rescripsi
824 2716 865 2762 pro
873 2700 1017 2759 intelligebat,
1027 2702 1089 2763 quod

220 2763 277 2807 esset
287 2760 461 2822 accipiendume
475 2773 569 2821 persona
576 2765 601 2805 et
612 2758 697 2817 judicio
708 2759 833 2806 Ciceronis:
849 2761 888 2808 sed
899 2760 922 2806 id
933 2765 967 2807 est
980 2761 1091 2809 alienissi-

219 2833 287 2866 mum.

249 2895 271 2928 ⁴⁰
285 2896 418 2952 sponsionem
426 2901 534 2954 occeptum
539 2897 636 2966 fucare]
668 2895 751 2966 Dicmt
766 2911 820 2954 esse,
830 2899 930 2960 persequi
941 2899 1090 2961 sponsionem,

219 2967 250 3022 ἐ·
264 2953 587 3057 tacuissemus
616 2955 895 3063 serrat-suiuus
909 2959 1007 3064 ihu·
1028 2961 1093 3064 ae,

219 3025 515 3126 ffipummnamfaim:
529 3027 801 3140 qirorieeirnvenitienerei
810 3031 977 3124 etzgernffiiae:
990 3033 1092 3124 gffiffie

219 3127 289 3174 libris.
321 3127 411 3174 Interim
421 3129 545 3187 hujusmodi
553 3128 604 3190 quid
613 3128 693 3174 Cicero
702 3129 764 3177 dixit.

250 3207 269 3238 ⁴¹
282 3205 426 3264 Imprtdcutcr
445 3207 519 3269 toliis]
562 3208 588 3255 In
611 3207 654 3254 hac
673 3207 783 3268 scriptura
802 3213 868 3269 tullia,
888 3213 1032 3274 interrogatio
1050 3215 1100 3262 hie·

218 3272 364 3343 intelligenda
372 3279 437 3331 esset,
452 3280 478 3323 ut
489 3291 539 3323 eum
555 3279 700 3349 antecedente
714 3281 888 3352 conjungeretur.
920 3285 963 3330 Sed
980 3281 1047 3353 ei're}
1061 3295 1092 3352 ‘ft

217 3333 1092 3466 glemurgglffiffiumpffizi[conicetffiilaesmmfflsgdfflmoffffimssudguted

219 3449 298 3510 ltaque
307 3465 350 3497 uon
358 3451 418 3498 iacis.
449 3451 527 3499 Simile
533 3455 641 3511 judicium
651 3457 738 3514 subjicit
747 3459 860 3520 sequenti:
874 3459 1004 3518 indignius,
1012 3464 1055 3506 ete.

247 3526 271 3559 ⁴⁸
285 3527 427 3596 erupis-ionem
441 3531 588 3594 manaa-a]
620 3534 657 3580 Sic
671 3537 731 3582 edidi
741 3551 783 3599 pro
797 3538 889 3598 vulgato
902 3540 1047 3596 propulsaret,
1065 3539 1093 3586 iu

218 3597 263 3646 quo
271 3599 339 3632 miror
348 3591 492 3648 interpretum
502 3590 613 3639 nemiuem
622 3593 755 3645 adhaesisse.
785 3597 823 3646 dic
832 3597 917 3646 hebent
925 3599 976 3646 edd.
986 3613 1020 3659 pr.
1031 3597 1091 3647 hid.
