2460 4200
371 300 443 354 aer.
460 303 489 354 n.
506 299 767 354 murarios.
965 309 1009 370 4³

135 449 211 512 lnttti
224 449 297 512 dari·
337 453 383 512 ns
395 455 433 510 ab
447 470 506 512 nne
514 453 647 519 eisitate,
661 453 703 520 vi,
713 451 809 516 minis,
820 449 954 524 imperio,
967 453 1010 512 itt·

135 551 272 626 jurisque
285 552 421 623 praetoris
430 551 589 624 eripiuntur
595 551 690 608 tritici
700 549 878 610 medimndrn
895 569 1011 620 xxxrrr,

138 654 170 706 et
184 656 329 720 praetereo
344 651 407 706 H·S
431 669 483 708 nx.
528 653 577 708 An
602 652 675 708 haee
699 654 819 708 decors
840 648 930 708 sunt?
949 653 1009 717 aut,

136 748 163 804 si
183 765 284 804 omnes
304 749 435 806 homines
451 749 554 815 velint,
567 753 688 806 otunnrs
702 765 767 804 esse
789 753 917 820 munt,
935 764 1009 822 quse

136 848 168 902 tn
185 848 281 917 palam
303 847 397 920 egisti,
413 848 444 904 in
467 855 617 904 nonventu
641 847 799 919 imperasti,
814 847 948 904 omnibus
968 847 1011 904 in·

137 945 337 1016 spectantibus
350 943 497 1016 coegisti?
517 963 572 1019 qua
592 947 629 1002 de
647 963 677 1002 re
693 945 895 1018 Agyrinenses
909 944 1012 1017 magis·

138 1044 238 1108 tentus,
252 1047 284 1097 et
297 1041 516 1116 quinqoeprimi,
534 1042 553 1074 ⁶¹
565 1061 634 1117 quos
658 1050 687 1101 lu
708 1044 750 1102 tui
770 1051 905 1117 quaestus
922 1057 1012 1100 enuss

141 1139 284 1204 evocasti,
295 1145 361 1196 actu
374 1147 402 1196 et
418 1141 538 1211 imperia
552 1147 600 1198 tun
613 1143 729 1200 (tomum
739 1144 776 1198 ud
784 1147 917 1198 senatum
928 1157 1011 1198 suum

141 1235 399 1294 renuntiaverunt:
420 1255 539 1310 quorum
559 1239 741 1306 mnnntiatio,
755 1240 866 1312 legibus
887 1241 1010 1307 illonrm,

140 1333 246 1390 litteris
261 1334 384 1404 outdieis
399 1335 535 1390 mandata
552 1341 612 1390 est:
632 1353 752 1408 quorum
766 1338 864 1409 legati,
878 1337 1011 1394 homines

140 1431 322 1497 nobilissimi,
338 1431 449 1488 Romae
463 1438 539 1496 sunt,
552 1433 601 1504 qul
616 1433 671 1488 lroe
686 1433 765 1488 idem
779 1450 829 1503 pro
843 1434 1012 1490 testimonio

139 1529 284 1586 dixemnt.
313 1529 491 1601 cognoscite
504 1529 732 1602 Agyrinensium
744 1530 873 1602 publicas
885 1531 1010 1590 litteras:

139 1628 246 1686 deinde
257 1626 453 1684 testimonium
465 1626 610 1698 piraticum
618 1627 758 1684 civitatis.
780 1629 884 1684 Recita
897 1628 1010 1688 litteras

142 1724 281 1798 publicas.
302 1741 456 1780 urrunnun
471 1741 633 1780 rusnrone.
685 1725 790 1782 Recita
813 1727 1010 1788 testimonium

142 1822 300 1896 publicum.
315 1839 535 1878 ussuruonrun
551 1838 718 1877 nonencors.
753 1821 1011 1882 Animadvertistis

143 1919 176 1977 in
198 1921 252 1976 troc
267 1919 443 1983 testimonio,
449 1918 576 1990 judices,
588 1919 804 1991 Apollodorum,
822 1921 870 1978 oui
882 1921 1012 1996 Pyragro

143 2035 306 2092 cognomen
326 2025 379 2085 est,
394 2017 552 2090 principem
566 2035 635 2074 sose
648 2016 787 2082 civitatis,
801 2019 1012 2092 lacrymantem

142 2118 243 2174 testari
251 2133 286 2172 ac
297 2118 404 2182 dicere,
414 2131 567 2189 numquam
578 2119 642 2188 pust
656 2116 752 2188 populi
763 2116 888 2175 Romani
902 2137 1010 2180 nomen

144 2217 181 2272 ab
197 2214 303 2272 Siculis
324 2215 450 2272 auditum
470 2221 499 2271 et
520 2214 678 2286 cognitum,
694 2215 895 2288 Agyrinenses
907 2225 1010 2277 contra

144 2329 314 2388 quemquam
334 2313 461 2368 infimum
480 2313 580 2370 civem
594 2312 756 2370 Romanurn
769 2313 889 2382 dixisse,
901 2323 951 2373 sut
970 2318 1010 2374 le-

144 2411 220 2468 sisse
241 2409 406 2484 quippiam
435 2410 484 2484 qui
507 2428 585 2468 nuno
608 2416 709 2468 contra
731 2416 890 2483 praetorem
910 2414 1011 2486 populi

147 2509 272 2566 Romani
287 2508 396 2581 magnis
409 2508 531 2582 injuriis,
542 2517 574 2566 et
588 2527 692 2582 magno
705 2510 803 2566 dolore
820 2511 933 2582 publice
955 2517 1010 2570 tes·

146 2607 299 2665 timonium
321 2606 417 2664 dicere
440 2615 620 2680 cogerentur.
661 2605 731 2671 Uni,
753 2609 927 2675 mehercule,
942 2610 1010 2666 huic

146 2705 272 2770 civitati,
287 2705 403 2770 Verres,
423 2706 562 2760 obsistere
586 2711 636 2761 tos
648 2702 815 2760 defensione
835 2721 900 2760 non-
912 2713 1010 2777 potes:

147 2806 232 2860 lenta
244 2803 398 2857 auctoritas
412 2810 453 2856 est
468 2801 500 2858 in
514 2819 612 2856 eorum
626 2799 773 2856 hominum
787 2800 935 2870 fidelitate,
949 2810 1010 2860 ten·

149 2904 196 2956 lus
214 2899 295 2954 dolor
308 2901 338 2954 in
357 2898 469 2972 injuria,
483 2905 563 2955 tanta
577 2897 678 2973 religio
691 2897 720 2954 in
736 2898 909 2956 testimonio.
951 2902 1011 2959 Ve·

149 3015 212 3056 rum
226 3015 284 3054 nnn
299 3007 355 3053 una
368 3003 397 3054 le
411 3003 530 3064 tantum,
537 3000 588 3056 sed
600 2997 761 3064 universae,
770 2998 911 3055 similibus
921 3001 1011 3058 afflie-

148 3101 197 3153 tae
211 3096 408 3164 incommodis,
422 3098 612 3174 legationibus
636 3115 671 3154 ac
694 3096 868 3154 testimoniis
887 3100 1013 3170 publicis

151 3192 394 3268 ”yrersequuntun
1052 3189 1056 3196 ’

181 3347 202 3379 ⁸¹
216 3361 268 3406 orror
276 3353 301 3393 tu
309 3348 384 3406 adque
391 3347 501 3407 wolteri
511 3347 571 3392 male
579 3346 655 3405 totque
663 3359 677 3390 e
686 3344 733 3391 Me.
744 3345 862 3393 Nannieno
870 3345 953 3394 editum
963 3353 1010 3398 ests

150 3407 246 3511 ffltex
255 3406 319 3452 initio
327 3407 388 3452 verbi
406 3407 516 3467 sequentur
531 3411 607 3451 natum
622 3409 670 3462 est;
694 3409 719 3450 ut
735 3405 792 3452 bens
808 3421 836 3451 ex
852 3408 929 3453 eodem
947 3410 1011 3456 addi·

216 3479 240 3510 u.

151 3541 395 3660 massmanno]
424 3541 588 3592 Reateeltls.
603 3541 683 3590 Frann
698 3541 817 3591 Graevius·
855 3543 929 3603 Vult‘t
938 3555 1012 3600 tm*
