2460 4200
192 311 231 374 ιο
524 304 717 358 mvltltltlttt
823 369 825 378 Ι
896 336 901 344 ·

189 459 304 540 amant:
326 455 375 516 hic
389 471 457 516 cunr
470 454 563 524 venit,
583 461 668 514 extra
687 453 821 514 ordinem
843 455 987 524 vocator:
1007 455 1060 515 hic

189 559 266 616 solus
280 555 478 625 introducitur,
491 556 592 624 ceteri,
605 573 692 630 saepe
706 553 891 630 frugalissimi
913 552 1058 626 homines,
1156 573 1161 584 ·

190 655 391 714 excluduntur.
445 656 494 714 Ex
523 671 580 730 quo
605 654 733 730 intelligi
759 657 863 737 potest,
891 669 942 710 eos
972 653 1059 710 vobis

190 771 255 812 esse
287 753 460 824 carissimos,
493 752 563 830 'qui
588 754 631 812 ita
661 753 807 820 vixerunt,
840 755 873 808 ut
901 751 965 808 sins
993 769 1059 812 ves·

190 856 235 910 tro
248 853 392 927 praesidio
404 853 481 912 salvi
494 871 558 912 esse
571 870 632 910 non
645 851 765 926 possint.
806 847 908 922 Quid?
928 850 984 907 hoc
993 849 1058 908 cui·

191 967 277 1026 quam
290 953 439 1010 terendum
452 956 535 1025 putes
549 968 621 1019 esse,
635 967 688 1008 nos
702 949 744 1008 ita
757 948 860 1006 vivere
881 947 913 1007 in
932 947 1059 1022 pecunia

173 1089 178 1102 .
190 1050 281 1118 tenui,
294 1056 327 1107 ut
339 1067 452 1126 prorsus
468 1050 543 1108 nihil
557 1049 704 1124 acquirere
718 1047 842 1105 velimus
861 1066 868 1102 :
890 1051 923 1104 ut
935 1045 1061 1121 dignita-
1087 1102 1090 1114 ,

191 1152 252 1209 tem
264 1153 401 1218 nostram,
409 1149 563 1226 populique
578 1148 704 1206 Romani
717 1144 870 1215 beneficia,
883 1163 943 1204 non
957 1145 1060 1220 copiis,

190 1249 243 1306 red
257 1247 365 1306 virtute
379 1253 527 1308 tueamurz
547 1248 643 1316 istum,
666 1249 751 1306 rebus
774 1245 908 1304 omnibus
931 1244 1059 1320 undiquc

191 1345 307 1421 ereptis,
331 1347 449 1422 impunc
474 1348 640 1406 eludentem
659 1344 858 1405 circumfluere
871 1347 957 1418 atque
971 1343 1059 1400 abun·

190 1443 281 1504 dore?
301 1447 384 1519 hujus
398 1450 518 1518 argento
536 1442 687 1504 ⁹dominic
699 1447 806 1510 vestra,
827 1442 911 1516 hup'us
925 1441 1015 1516 signis
1029 1446 1061 1499 et

191 1542 297 1600 tabulis
317 1542 410 1600 lorum
432 1542 637 1616 comitiumque
662 1537 781 1598 ornari?
800 1539 971 1614 praesertim
991 1557 1059 1598 cunr

192 1657 246 1698 vos
279 1638 299 1670 ¹⁰
309 1645 407 1698 vestro
430 1641 526 1698 Marte
550 1639 597 1697 his
619 1641 703 1696 rebus
727 1637 860 1706 omuibus
884 1635 1061 1698 abundetis?

192 1739 317 1798 Verrem
330 1755 402 1808 esse,
414 1739 463 1818 qui
476 1743 588 1796 vestras
602 1738 688 1796 villas
712 1736 770 1794 suis
784 1736 927 1794 manubiis
951 1733 1059 1794 orncti

192 1838 317 1896 Verrem
330 1855 403 1906 esse,
416 1839 465 1913 qui
478 1855 546 1896 cum
557 1839 595 1898 L.
620 1836 763 1894 Mummio
776 1840 884 1906 certet3
912 1841 944 1894 ut
964 1837 1060 1910 plures

191 1935 242 1994 hic
257 1936 398 1994 sociorum
418 1938 512 2004 urbes,
525 1952 610 2009 quam
630 1936 682 1992 illc
706 1933 841 2003 hostium,
853 1933 992 2008 spoliasse
1013 1933 1061 1990 vi·

192 2031 317 2090 dentur?
337 2035 432 2107 plures
446 2033 495 2090 hic
520 2034 597 2089 solus
611 2032 698 2090 villas
720 2032 896 2092 ornamentis
921 2033 1062 2101 tonorum,

194 2148 279 2206 quam
292 2130 343 2190 ille
356 2131 424 2190 tona
437 2131 536 2205 spoliis
559 2131 684 2198 hostium
707 2131 848 2190 ornasse?
868 2137 899 2190 et
911 2132 937 2190 is
950 2133 1005 2191 erit
1022 2135 1060 2191 ob

159 2295 165 2308 .
193 2246 259 2288 cam
272 2248 333 2288 rem
347 2230 430 2289 vobis
444 2231 547 2300 carior,
561 2235 592 2287 ut
605 2231 696 2289 ceteri
714 2230 850 2290 libentius
865 2248 917 2291 suo
930 2233 1061 2307 periculo

193 2329 299 2388 vestris
313 2329 518 2402 cupiditatibus
531 2329 662 2386 serviant
675 2327 687 2388 l

163 2439 183 2499 5
234 2427 346 2484 Verum
368 2428 441 2484 haec
463 2431 494 2484 et
517 2427 650 2485 dicentur
671 2428 730 2485 olio
750 2429 826 2496 loco,
840 2432 870 2485 et
884 2428 963 2487 dictu
978 2432 1061 2487 suut:

194 2541 274 2584 nunc
300 2524 514 2600 proficiscemur
537 2527 574 2582 nd
602 2525 720 2601 reliqua,
740 2527 766 2583 si
786 2543 879 2601 pauca
898 2532 967 2585 ante
980 2526 1065 2586 lueri·

194 2639 257 2682 mus
281 2641 299 2682 a
325 2624 419 2694 vobis,
437 2623 564 2698 judices,
586 2623 743 2698 deprecati.
800 2625 954 2698 Superiore
981 2625 1063 2684 omni

193 2723 324 2781 oratione
335 2728 513 2798 perattentos
524 2728 636 2781 vestros
651 2725 763 2781 animos
776 2723 936 2800 habuimus.
958 2723 989 2780 id
1007 2722 1063 2781 tuit

193 2824 278 2880 nobis
300 2827 412 2895 gratum
430 2823 592 2880 admodum.
635 2823 694 2882 Sed
718 2824 808 2880 multo
832 2820 888 2878 erit
906 2821 1024 2898 gratius,
1037 2821 1064 2878 ei

194 2907 305 2994 reliqua
318 2919 425 2976 voletis
449 2921 617 2977 attendere:
638 2924 789 2994 propterea
803 2921 879 2996 quod
900 2920 932 2977 in
946 2921 991 2976 his
1005 2911 1067 2978 oui·

157 3049 160 3054 -
194 3015 289 3092 nibus,
308 3035 381 3092 quae
405 3021 492 3074 antea
513 3017 592 3075 dicte
613 3022 689 3086 sunt,
712 3022 775 3075 erat
795 3020 936 3092 quaedam
949 3037 989 3076 ex
1001 3017 1066 3092 ipsa
1097 3095 1098 3102 ἵ

195 3116 337 3172 verietate
362 3133 397 3174 ao
419 3115 551 3174 novitate
571 3133 666 3174 rerum
679 3133 714 3174 ac
729 3115 884 3176 criminum
897 3116 1064 3177 delectatio.

151 3295 153 3300 Ι
196 3215 285 3272 Nunc
296 3218 420 3272 tractare
431 3230 549 3272 causam
559 3214 734 3273 instituimus
745 3215 976 3276 frumentarium:
991 3229 1065 3292 quse

225 3369 465 3432 'prdimoiasnmtd
496 3369 583 3419 Melius
592 3366 697 3420 uiuam.

225 3448 349 3496 ⁹dorm'ru'o
358 3449 449 3510 cmm]
478 3448 550 3496 Vetus
564 3449 632 3498 lectio
646 3449 1066 3514 estdomosveldomorocrtros,qusm

194 3507 310 3558 revocavit
319 3507 435 3554 Graevius.
468 3509 512 3556 Sed
521 3523 543 3554 v.
553 3509 613 3556 dicta
622 3508 646 3555 in
655 3509 733 3555 clave.

223 3587 245 3620 ¹⁰
258 3587 428 3658 castrodumo]
468 3580 718 3637 Acuteetruordsc'iter
729 3587 761 3638 sic
774 3586 839 3644 dixit,
848 3601 890 3650 pro
899 3588 1067 3644 coturnatos

194 3649 221 3694 nt
229 3660 317 3708 rspmss
327 3649 414 3694 annuat.
