2438 4206
329 267 332 270 Ι
387 300 458 350 acu.
475 301 505 350 u.
521 295 620 350 tim
634 297 783 352 miluo.
983 301 1021 361 ῃ

158 441 254 501 soant
265 443 396 504 mitterer
416 447 474 520 ipsi
484 451 612 506 asam
620 445 816 520 memphi,
829 443 879 519 nai
891 455 1026 502 mutarn

157 546 205 597 est
217 540 248 598 in
263 543 364 602 Sicilia
376 545 487 604 maxim
508 546 694 604 mhominnm
712 541 977 604 honestissimorum
996 543 1026 596 et

160 641 459 714 locupletissimorum,
479 649 539 702 tres
560 645 682 719 legatos,
701 643 786 702 nives
813 659 890 708 mss,
912 641 1026 714 deiope-

159 743 279 806 nmtut
297 743 578 800 eorumtestimnnin
603 759 661 800 nen
683 739 918 814 onimsgmssn
938 753 1026 810 propa

156 837 245 894 totius
260 839 381 897 Sioiiise
394 842 576 898 calamitates
596 839 823 914 nagnmoeretis.
866 839 961 896 suant
978 851 1027 892 sn·

155 934 200 992 im
213 939 275 994 tots
286 937 394 996 Sieiiia
407 939 466 996 iere
481 938 674 1013 Centuripini.
686 943 719 996 et
728 939 786 996 hoo
794 936 826 994 io
835 941 865 994 te
878 934 1027 1008 gmviaros

156 1033 355 1107 uertioresque
368 1039 459 1092 tmtes
470 1041 546 1103 sunt,
565 1038 641 1111 «prosi
658 1041 775 1096 osterse
799 1033 941 1092 eivitatss
967 1029 1026 1090 suis

159 1131 257 1186 sotum
269 1129 462 1189 ineommon'n
480 1139 716 1194 summoventur:
737 1131 930 1205 ussmtpmt,
948 1127 1027 1206 qnod
1151 1142 1158 1150 '

161 1227 195 1286 in
208 1227 336 1286 omnium
350 1229 529 1288 inminibus
542 1231 651 1290 hahent
661 1231 866 1304 misses,
879 1229 969 1286 stiam
980 1243 1027 1286 ae·

159 1326 286 1384 terarum
299 1326 454 1385 uiritatnm
468 1329 576 1386 damna
587 1345 625 1386 ss
637 1328 811 1388 ‹isffinsnm
828 1331 989 1384 sensumt-

199 1425 320 1494 Verum,
339 1431 373 1483 nt
395 1425 469 1492 dixi,
496 1426 571 1484 ratio
594 1431 679 1484 neria
702 1431 749 1484 eat
773 1423 978 1489 Aetnensium,
998 1419 1080 1479 atto

158 1521 284 1596 pubiiuis
303 1528 335 1580 et
348 1523 470 1597 privatis
495 1523 600 1582 litteris
612 1525 795 1598 onnsignats.
807 1539 893 1580 mnae
905 1521 1027 1596 diiigen-

158 1619 219 1678 tiae
240 1637 360 1694 pensum
374 1621 465 1695 magis
483 1622 516 1680 in
530 1623 679 1682 Leontino
688 1639 759 1696 agro
776 1627 824 1680 est
839 1620 1027 1695 erigentium

158 1723 277 1792 propter
289 1717 366 1776 hane
379 1734 506 1787 onum
517 1722 595 1793 qnod
606 1720 664 1793 ipsi
676 1720 817 1778 Lmntiai
829 1718 945 1792 punitas
968 1733 1027 1776 non

163 1831 237 1874 sane
263 1831 310 1873 me
333 1818 455 1874 muitum
478 1817 661 1890 snjnvsmm.
683 1833 778 1892 neque
797 1816 877 1874 enirn
899 1831 951 1872 eas
972 1815 1029 1872 isto

157 1919 301 1989 praetore,
311 1915 600 1972 meneenmanornm
608 1915 736 1991 injuriae
752 1914 909 1972 iaeiemnt:
934 1912 1028 1987 potins

157 2012 257 2080 etiarn,
278 2013 404 2085 judiees,
417 2013 601 2087 adjuverunt.
642 2013 750 2072 Mirum
772 2013 893 2072 fortusse
906 2013 963 2070 hoe
978 2027 1027 2069 uo·

158 2109 213 2178 bis,
227 2111 462 2169 outinorsriibiie
484 2112 626 2181 videatur,
647 2111 679 2170 in
703 2113 793 2172 tastis
814 2117 961 2170 aratorum
983 2111 1027 2170 in·

159 2209 570 2286 montemmaranum
590 2210 736 2284 prinsipes
758 2210 802 2268 rei
820 2209 1026 2270 immentsnas

158 2307 284 2375 inerunt,
311 2315 448 2381 expertes
477 2308 722 2366 inoommosinrum
750 2313 838 2382 atque
859 2308 1027 2381 irp'uriarnar

159 2403 260 2462 inisse.
302 2405 367 2462 iioe
380 2423 486 2464 eausae
506 2412 560 2474 est,
568 2407 696 2480 judiees,
708 2408 784 2482 qnod
806 2407 838 2464 in
850 2423 920 2481 agro
932 2407 1027 2466 Leon·

159 2501 234 2570 tino,
246 2508 361 2576 praeter
373 2519 460 2560 unam
485 2503 666 2562 Mnasistrati
679 2505 829 2572 mmiimm,
841 2507 958 2578 glebam
970 2505 1026 2562 Le·

159 2601 325 2658 nntinorum
338 2601 467 2674 possidet
479 2617 576 2658 nemo.
617 2603 718 2675 ltaque
734 2602 923 2668 Mnasistrati,
936 2601 1027 2660 noni·

158 2699 209 2756 nis
229 2699 426 2755 honestissimi
439 2703 524 2771 atque
537 2698 640 2770 optimi
660 2697 718 2756 viri
731 2699 938 2766 testimonium,
950 2698 1026 2771 judi·

159 2813 222 2862 nes,
250 2793 381 2851 audietis.
404 2801 516 2852 eeteros
539 2793 708 2863 Leontinos,
730 2795 832 2871 pibus
855 2813 914 2854 non
940 2797 1026 2854 modo

163 2891 312 2966 Apronius
325 2892 356 2950 in
369 2893 455 2968 agris,
467 2896 518 2951 sed
542 2911 579 2951 ne
598 2900 757 2970 tempestas
777 2895 891 2970 quidem
905 2898 964 2954 uiis
974 2915 1025 2954 no·

157 3009 228 3051 nere
242 2991 343 3065 potuit,
357 2997 526 3066 exspectare
537 2993 637 3051 nolite.
679 2985 798 3053 Etenim
811 3011 869 3052 non
882 2997 970 3054 modo
982 2996 1025 3054 in·

158 3091 304 3149 commodi
325 3090 399 3148 nihii
423 3100 578 3166 oeperunt:
605 3095 658 3150 sed
678 3095 768 3151 etiarn
792 3093 824 3150 in
846 3093 1024 3166 Apronianis

159 3189 220 3248 illis
233 3188 351 3264 rapinis,
373 3189 404 3247 in
427 3196 547 3264 quaestu
570 3194 637 3247 aunt
658 3191 887 3264 compendioque
908 3191 1024 3248 versati.

160 3287 352 3362 Quapropter,
378 3287 514 3362 quoniam
546 3305 594 3344 me
626 3288 774 3346 Leontina
805 3287 911 3345 civitas
939 3294 1025 3364 atque

160 3387 278 3462 tegeno,
302 3390 417 3459 propter
437 3403 512 3453 eam,
540 3402 626 3459 quam
646 3386 719 3454 dixi,
745 3403 871 3454 causam,
897 3387 1025 3446 deiecit:

161 3484 294 3542 mihimet
307 3483 434 3542 ineunda
447 3484 521 3541 ratio
534 3489 564 3541 et
579 3483 631 3541 via
652 3485 822 3559 reperiunda
840 3490 894 3556 est,
913 3505 970 3564 qua
989 3488 1027 3544 ad

201 3597 271 3640 von.
292 3598 322 3638 r.
594 3584 613 3638 6
