2428 4212
219 293 282 354 256
549 285 583 334 ΙΝ
597 283 743 334 VERREM

218 450 330 504 mneos,
343 451 469 494 summos
483 439 629 492 aratores:
649 434 698 509 qrri
712 449 819 491 nomen
841 447 997 506 numquam
1010 429 1089 490 timu

218 531 309 590 issent
326 533 465 592 maritimi
490 533 658 606 praedonis:
679 549 777 599 unum,
792 535 821 588 te
843 535 983 605 praetore,
997 533 1089 588 horru-

217 630 308 690 issent
335 633 507 707 Apronium,
532 638 694 690 terrestrem
722 629 936 703 archipiratam.
987 630 1036 697 Et,
1057 634 1088 687 at

219 730 315 805 quivis
329 733 417 790 tacite
428 732 611 806 perspiceret,
623 730 652 788 id
667 733 702 788 ab
716 729 772 786 islo
787 733 884 786 actum
898 747 968 796 esse,
985 733 1016 786 ut
1038 729 1090 785 ille

218 831 390 904 suppositus,
409 831 495 889 laeile
509 835 539 887 et
564 831 696 896 libenter,
711 846 742 886 se
760 828 853 895 illum,
872 825 918 900 qui
937 844 994 883 uon
1013 832 1089 894 erat,

218 946 282 986 esse
309 929 477 987 simularet:
511 929 635 1002 imperat
663 925 871 1000 Centuripinis,
899 931 929 982 ut
953 926 979 982 is
1003 925 1091 994 victu

216 1027 377 1102 ceterisque
391 1029 475 1086 rebus
488 1045 574 1102 quam
587 1027 789 1084 liberalissime
802 1024 1089 1100 commodissimeque

164 1129 204 1188 '28
217 1123 364 1183 habeatnr.
406 1128 525 1184 Interea
552 1125 741 1201 Syracusani,
761 1122 924 1182 ⁸8homines
949 1123 1035 1198 periti
1058 1129 1087 1180 et

216 1223 344 1294 humani,
369 1226 418 1300 qui
446 1243 506 1283 non
533 1226 620 1282 modo
640 1242 685 1292 ea,
709 1241 781 1300 quae
805 1222 959 1296 perspicua
981 1225 1085 1290 essent,

216 1323 327 1392 videre,
342 1342 443 1382 verum
457 1324 546 1382 etiam
558 1325 676 1382 occulta
696 1321 836 1396 suspicari
850 1327 986 1394 possent3
1005 1319 1026 1352 ⁸⁹
1039 1323 1084 1378 ha·

215 1422 324 1480 bebant
338 1423 480 1480 rationem
491 1440 591 1480 omnes
605 1421 732 1497 quotidie
747 1420 911 1495 piratarum,
926 1421 976 1496 qui
991 1419 1083 1478 securi

213 1510 381 1576 terirentur:
402 1537 487 1594 quam
500 1522 604 1577 multos
619 1539 682 1577 esse
697 1525 850 1593 oporteret,
869 1537 907 1576 ex
927 1518 992 1593 ipso
1005 1519 1084 1577 navi·

212 1617 271 1692 gio,
283 1617 304 1648 ⁰⁰
315 1619 389 1692 quod
404 1624 466 1675 erat
480 1623 605 1691 captum,
619 1624 649 1675 et
663 1637 701 1675 ex
716 1636 857 1676 remorum
881 1636 1001 1676 numero
1019 1637 1084 1676 cou-

207 1715 361 1788 jiciebant.
404 1718 473 1785 late,
488 1719 563 1791 quod
582 1735 693 1784 omnes,
706 1717 754 1791 qui
776 1717 892 1774 artificii
913 1717 1022 1792 aliquid
1036 1720 1082 1774 lra-

213 1815 343 1884 buerant,
358 1821 407 1873 aut
421 1817 540 1884 formae,
553 1821 716 1875 removerat
730 1821 815 1891 atque
829 1817 1000 1884 abduxerat,
1022 1815 1081 1874 reli·

212 1896 282 1990 quos
304 1915 339 1982 si,
353 1920 384 1972 ut
408 1917 588 1973 consuetudo
610 1921 663 1983 est,
677 1917 828 1973 universos
851 1916 889 1972 ad
912 1918 1012 1988 palum
1025 1915 1081 1972 alli·

209 2018 315 2086 gasset,
330 2014 486 2069 clamorem
500 2013 599 2087 populi
618 2013 677 2070 iore
700 2015 907 2087 suspicabatur,
921 2031 991 2070 cum
1005 2019 1081 2071 tanto

210 2111 305 2183 plures
328 2109 573 2194 abductiwessent,
600 2129 686 2184 quam
714 2111 819 2169 relicti.
861 2112 984 2186 Propter
1009 2114 1081 2170 hanc

210 2203 417 2276 causam,'cum
432 2207 605 2265 instituisset
617 2207 689 2265 alios
704 2209 762 2266 alio
771 2215 899 2282 tempore
909 2211 1083 2283 producere:

134 2323 138 2330 “
210 2313 309 2366 tamen
322 2308 355 2365 in
377 2312 459 2365 tanto
482 2313 631 2365 conventu
653 2326 739 2365 nemo
763 2313 833 2376 erat,
847 2308 917 2383 quin
941 2311 1082 2368 rationem

210 2425 415 2481 numemmque
438 2409 567 2472 haberet,
581 2411 612 2463 et
626 2406 750 2480 reliquos
772 2425 831 2464 non
846 2407 1025 2465 desideraret
1043 2425 1083 2466 so

209 2507 278 2572 lum,
292 2507 343 2562 sed
357 2505 445 2561 etiam
460 2511 593 2578 posceret
613 2511 643 2562 et
656 2504 807 2579 flagitaret.
850 2505 925 2563 Cum
939 2508 1082 2568 maximus

209 2621 344 2661 numerus
368 2603 492 2672 deesset,
515 2611 575 2662 tum
598 2605 653 2661 iste
676 2605 762 2660 homo
786 2603 911 2662 nefarius
931 2605 964 2662 in
986 2623 1083 2664 eorum

209 2705 315 2772 locum,
329 2721 399 2778 quos
422 2705 538 2761 domum
562 2721 642 2760 suam
664 2703 701 2759 de
722 2703 821 2775 piratis
835 2703 1006 2773 abduxerat,
1020 2706 1081 2764 sub·

209 2803 328 2862 stituere
343 2808 374 2858 et
397 2787 559 2875 supponere
580 2801 678 2876 coepit
691 2801 773 2859 cives
789 2803 946 2872 Romanos,
968 2822 1039 2878 quos
1053 2804 1084 2861 ia

208 2917 355 2958 carcerem
368 2905 456 2955 antee
469 2900 637 2972 conjecerat
651 2919 657 2954 :
676 2918 794 2975 quorum
807 2900 888 2969 alios,
899 2903 1083 2960 Sertorianos

207 2995 315 3054 milites
330 2995 418 3051 luisse
432 2995 627 3064 insimulabat,
638 3004 668 3055 et
678 3017 716 3054 ex
729 3000 871 3073 Hispania
884 3000 1032 3074 fugientes
1046 3003 1082 3060 ad

170 3169 173 3176 ·
237 3151 258 3185 88
272 3149 369 3199 mnes
376 3149 445 3216 per-iti
455 3149 584 3210 ettonem]
600 3165 622 3196 v.
634 3150 698 3198 clav.
710 3151 733 3198 in
742 3154 860 3200 dumanas.

236 3231 258 3266 θ’
271 3231 493 3279 duldantreliorsem
502 3231 644 3294 momen]
675 3231 906 3280 Offenditmeomms.
935 3235 1082 3284 monetam

207 3291 387 3349 estlegendumi'

237 3367 258 3399 ⁸⁰
272 3369 329 3427 pand
339 3375 508 3438 eralfeptumet
518 3383 664 3440 estremorum
673 3371 708 3439 aa]
734 3369 772 3416 Sic
780 3383 822 3440 pro
831 3369 870 3440 Y¹¹¹
901 3373 1083 3430 tepefactum

207 3441 250 3498 aaa·
261 3440 281 3472 r.
293 3441 315 3471 n.
327 3441 455 3487 receprcum
466 3430 564 3476 Graevro
578 3429 658 3475 eMss.
676 3429 802 3490 airquotm
818 3429 853 3475 hrs
901 3466 906 3475 .
933 3431 1083 3492 Respondent

208 3485 358 3594 mmm
367 3488 857 3546 massadae--etwasmmmorem,
881 3488 919 3540 aie
936 3489 993 3538 olim
1009 3489 1084 3537 edidit
