2428 4212
211 281 281 374 'm
556 301 749 356 multabat

216 455 276 514 suis
286 453 388 514 castris
395 453 844 530 virtutepnterstoportere‚non
855 465 963 525 genere
973 449 1086 520 certari,

216 553 260 612 sic
271 555 347 612 hanc
353 554 487 614 Tertiam
497 553 611 622 dilexit,
619 559 651 612 ut
664 570 728 612 eam
742 567 842 609 secum
853 548 919 608 ³⁸ex
932 551 1087 624 provincia

167 665 207 728 13
216 655 390 728 deportaret.
432 656 480 714 Ac
493 671 545 728 per
554 671 605 710 eos
615 653 685 720 dies,
698 669 766 709 oum
778 649 834 707 iste
847 667 915 707 oum
924 651 1015 723 pallio
1024 667 1086 724 pur·

215 769 315 828 paren,
331 753 472 828 talarique
485 753 586 811 tunica
604 755 764 808 versaretur
777 749 810 807 in
823 748 973 807 conviviis
986 749 1088 807 mulie·

216 850 324 920 bribus,
338 869 397 910 non
418 852 636 910 offendebantur
655 849 787 906 bominee
801 847 833 905 in
846 865 896 904 eo:
919 865 1011 922 neque
1024 865 1087 906 mo·

216 950 291 1008 leste
306 950 554 1018 serebant,abesse
565 965 583 1006 a
596 949 657 1008 loro
671 949 879 1022 magistratum,
887 962 945 1004 non
952 945 1000 1019 jue
1013 945 1088 1016 diei,

215 1048 397 1122 nonjudioia
410 1049 490 1108 fieri:
512 1051 608 1108 locum
616 1047 699 1106 illum
708 1046 800 1104 litoris
811 1063 980 1120 percrepare
994 1049 1087 1104 totum

215 1146 367 1206 mulierum
381 1147 511 1214 vocibus,
524 1153 668 1222 cantuque
682 1145 883 1221 symphoniae,
892 1145 924 1202 in
933 1144 1086 1202 lorosilen·

215 1245 289 1304 tium
301 1263 366 1303 esse
379 1263 522 1306 summum
535 1263 684 1304 causamur
697 1251 782 1320 atque
789 1244 873 1318 juria,
883 1261 943 1302 non
956 1244 1086 1300 terebant

215 1343 349 1404 homines
370 1347 501 1402 moleste.
523 1365 582 1404 non
607 1345 686 1402 enim
706 1344 756 1418 jus
779 1346 882 1401 abesse
896 1343 1049 1401 videbatur
1067 1357 1085 1398 a

216 1441 288 1511 loro,
302 1443 526 1518 nequejudieia,
539 1446 591 1502 sed
610 1444 666 1512 vis,
679 1448 710 1500 et
723 1442 889 1510 crudelitas,
902 1443 1084 1500 ethonomus

139 1540 148 1564 ⁸
216 1544 322 1599 acerba
338 1547 423 1616 atque
436 1542 557 1616 indigna
570 1541 703 1616 direptio.
746 1542 833 1600 Hunc
847 1545 878 1598 tu
897 1539 987 1615 igitur
998 1539 1085 1614 impe-
1147 1549 1150 1564 '

215 1643 340 1697 retorem
353 1657 417 1696 esse
431 1640 573 1708 defendis,
587 1637 748 1699 Hortensi?
768 1636 949 1714 hujus'lurta,
963 1638 1086 1714 rapinas,

216 1737 416 1812 cupiditatem,
440 1739 651 1808 crudelitatem,
675 1739 847 1813 superbiam,
870 1741 977 1807 scelus,
1003 1738 1086 1796 auda·

216 1836 305 1905 ciam,
319 1855 412 1896 rerum
425 1843 569 1913 gestarum
583 1838 782 1913 magnitudine
796 1843 882 1912 atque
895 1835 1086 1911 imperatoriis

217 1937 349 1994 laudibus
363 1943 460 2011 tegere
470 1935 606 1996 conaris?
627 1939 686 1995 Hie
700 1937 815 1994 scilicet
828 1940 872 1993 est
891 1937 1085 2002 metuendum,

216 2036 305 2094 need
319 2035 430 2091 exitum
453 2035 631 2092 detensionis
651 2041 727 2104 tuae,
751 2040 835 2092 vetus
849 2035 900 2093 illa
915 2035 1085 2093 Antoniana

216 2130 333 2188 dicendi
347 2133 422 2190 ratio
434 2137 520 2206 atque
530 2133 686 2192 auctoritas
700 2135 875 2208 proteratur:
895 2152 934 2191 ne
942 2133 1085 2192 excitetur

217 2228 336 2297 Verres,
350 2247 388 2286 ne
401 2231 562 2290 denudetur
574 2249 594 2289 a
606 2237 732 2306 pectore,
747 2251 784 2292 ne
798 2232 952 2291 cicatrices
965 2234 1087 2306 populns
1203 2287 1204 2308 ,

217 2325 365 2388 Romanus
379 2330 531 2404 adspiciat,
544 2349 582 2389 ex
596 2332 748 2391 mulierum
771 2347 866 2390 morsu
886 2330 1012 2406 vestigia
1025 2329 1088 2388 libi·

216 2427 293 2486 dinis
317 2433 402 2503 atque
425 2429 581 2504 nequitiae.
623 2431 676 2488 Dii
700 2430 864 2500 laciantut
887 2430 931 2489 rei
944 2429 1088 2498 militaris,

216 2530 250 2584 ut
272 2527 343 2584 belli
370 2527 547 2588 mentionem
573 2527 669 2588 tacere
688 2529 812 2588 'audeca
859 2529 1088 2604 ,Cognoscentur

216 2623 296 2682 enim
319 2626 416 2684 omnia
439 2627 522 2684 istius
546 2645 614 2684 aera
633 2628 686 2686 illa
697 2633 808 2697 vetere,
820 2633 862 2697 ut,
874 2645 933 2686 non
947 2631 1044 2688 solum
1055 2627 1089 2686 in

217 2723 348 2798 imperio,
362 2743 463 2785 verum
477 2727 565 2785 etiam
579 2726 610 2784 in
623 2726 775 2801 stipendiis
789 2726 881 2801 qualis
894 2726 989 2796 luerit,
1001 2727 1089 2786 intel·

216 2822 323 2898 ligatis.
365 2825 566 2884 Renovabitur
585 2825 677 2898 prima
696 2825 750 2884 illa
762 2825 877 2895 militia,
890 2841 959 2884 oum
972 2825 1029 2884 iste
1042 2823 1089 2882 ”e

246 2973 269 3006 ³³
284 2989 311 3020 ιτ
326 2977 442 3032 provintia
460 2979 598 3040 deportaret]
631 2979 668 3026 Sic
683 2979 771 3041 reposui
790 2979 876 3028 eMss.
887 2979 968 3028 lamb.
979 2984 1004 3026 et
1014 2978 1090 3039 Regio

216 3030 315 3088 Graevii,
325 3033 368 3079 (lu.
389 3049 434 3105 pro
449 3042 576 3105 ward,
587 3039 645 3098 quod
671 3039 743 3100 eperit
752 3041 925 3108 praecedensen
938 3054 1000 3097 prun
1019 3039 1091 3100 idque

217 3095 251 3137 est
261 3091 351 3138 verbum
361 3106 472 3154 proprium
480 3110 503 3140 ru
513 3097 555 3140 hnc
563 3110 595 3152 re,
604 3111 633 3158 qu
673 3102 697 3142 et
706 3097 759 3144 ulibr
768 3098 789 3145 in
800 3101 914 3155 asportare
923 3103 1036 3146 mutamur
1045 3101 1090 3145 est.

245 3169 269 3203 ³⁰
282 3171 359 3228 afara
375 3171 462 3228 abduci,
472 3187 533 3220 aaa·
542 3199 552 3208 -
558 3175 653 3230 perduci
671 3177 767 3238 solebat]
798 3176 920 3224 Fluctuant
938 3177 962 3224 in
982 3177 1006 3223 h.
1018 3177 1036 3223 l.
1045 3175 1091 3223 riri

216 3229 308 3288 dantia
334 3245 362 3277 ue
376 3229 485 3280 interdum
494 3231 593 3279 etiamne
608 3234 788 3296 impediuntipsi.
819 3235 976 3296 liupr-imum
984 3235 1092 3294 intelligo

217 3288 246 3333 de
254 3304 305 3335 aere
314 3305 328 3335 a
338 3290 408 3338 ienoe
418 3291 510 3349 luxuria,
520 3293 679 3354 propterquod
689 3293 789 3342 addictus
798 3307 822 3340 cr
853 3294 903 3340 'tori
911 3299 935 3340 et
943 3293 1093 3341 abductusab
1200 3319 1201 3330 π

216 3359 245 3391 eo
263 3348 292 3393 de
309 3349 358 3394 loru
375 3352 464 3398 domum
479 3357 520 3407 est,
530 3357 554 3398 et
571 3351 678 3399 obnoxius
695 3353 764 3400 laetus
774 3353 860 3400 libidini
872 3351 973 3400 alienae:
990 3354 1094 3400 altem

217 3402 320 3462 intelligo
329 3408 357 3452 de
367 3409 439 3456 Verre
452 3410 552 3470 expetito
561 3417 652 3472 propter
661 3411 753 3458 formam
763 3412 792 3458 ad
801 3410 923 3467 libidinem,
935 3416 959 3458 et
983 3417 1095 3473 mpterea

217 3460 298 3508 inloro
307 3468 413 3522 quaesito,
424 3473 448 3513 et
466 3469 546 3515 deinde
565 3471 672 3532 perducto
688 3471 718 3516 ad
736 3485 782 3527 eos,
798 3469 837 3532 qui
856 3472 950 3518 eumad
967 3427 1094 3518 dbidinesn

217 3523 353 3580 expeterent.
384 3527 474 3593 Abduci
489 3527 581 3585 casoro
595 3529 642 3578 tere
656 3529 685 3579 da
696 3527 867 3593 vitutefflgitur,
882 3529 1057 3589 inservientem,
1069 3527 1096 3576 ln
1198 3557 1199 3560 =

217 3585 524 3639 nuceremaaredrtoribtn.
