<?xml version="1.0" encoding="UTF-8"?>
<!DOCTYPE html PUBLIC "-//W3C//DTD XHTML 1.0 Transitional//EN"
    "http://www.w3.org/TR/xhtml1/DTD/xhtml1-transitional.dtd">
<html xmlns="http://www.w3.org/1999/xhtml" xml:lang="en" lang="en">
 <head>
  <title>
</title>
<meta http-equiv="Content-Type" content="text/html;charset=utf-8" />
  <meta name='ocr-system' content='tesseract 3.04.00' />
  <meta name='ocr-capabilities' content='ocr_page ocr_carea ocr_par ocr_line ocrx_word'/>
</head>
<body>
  <div class='ocr_page' id='page_1' title='image "./mtvlliiciceroni10cicegoog_0227.png"; bbox 0 0 2428 4212; ppageno 0'>
   <div class='ocr_carea' id='block_1_1' title="bbox 210 299 739 368">
    <p class='ocr_par' dir='ltr' id='par_1_1' title="bbox 210 299 739 368">
     <span class='ocr_line' id='line_1_1' title="bbox 210 299 739 368; baseline -0.04 0"><span class='ocrx_word' id='word_1_1' title='bbox 210 307 270 368; x_wconf 75' lang='grc'><strong>198</strong></span> <span class='ocrx_word' id='word_1_2' title='bbox 544 299 739 350; x_wconf 72' lang='lat' dir='ltr'><strong>ravennam</strong></span> 
     </span>
    </p>
   </div>
   <div class='ocr_carea' id='block_1_2' title="bbox 197 445 1078 3071">
    <p class='ocr_par' dir='ltr' id='par_1_2' title="bbox 197 445 1078 3071">
     <span class='ocr_line' id='line_1_2' title="bbox 205 445 1072 523; baseline 0.001 -16"><span class='ocrx_word' id='word_1_3' title='bbox 205 445 559 523; x_wconf 73' lang='lat' dir='ltr'><strong>innoeentiumranguine</strong></span> <span class='ocrx_word' id='word_1_4' title='bbox 581 449 772 506; x_wconf 76' lang='lat' dir='ltr'>redundasse:</span> <span class='ocrx_word' id='word_1_5' title='bbox 793 447 907 521; x_wconf 87' lang='lat' dir='ltr'><strong>portum</strong></span> <span class='ocrx_word' id='word_1_6' title='bbox 921 446 1072 522; x_wconf 72' lang='lat' dir='ltr'><strong>symeone·</strong></span> 
     </span>
     <span class='ocr_line' id='line_1_3' title="bbox 204 545 1071 621; baseline -0.002 -16"><span class='ocrx_word' id='word_1_7' title='bbox 204 565 315 615; x_wconf 88' lang='lat' dir='ltr'><strong>norum,</strong></span> <span class='ocrx_word' id='word_1_8' title='bbox 328 548 377 621; x_wconf 89' lang='lat' dir='ltr'><strong>qui</strong></span> <span class='ocrx_word' id='word_1_9' title='bbox 391 551 450 604; x_wconf 89' lang='lat' dir='ltr'><strong>tum</strong></span> <span class='ocrx_word' id='word_1_10' title='bbox 464 551 495 604; x_wconf 89' lang='lat' dir='ltr'><strong>et</strong></span> <span class='ocrx_word' id='word_1_11' title='bbox 509 547 613 604; x_wconf 80' lang='lat' dir='ltr'><strong>nostrie</strong></span> <span class='ocrx_word' id='word_1_12' title='bbox 627 546 768 604; x_wconf 74' lang='lat' dir='ltr'><strong>elassibus</strong></span> <span class='ocrx_word' id='word_1_13' title='bbox 782 550 813 602; x_wconf 89' lang='lat' dir='ltr'><strong>et</strong></span> <span class='ocrx_word' id='word_1_14' title='bbox 827 545 1071 620; x_wconf 81' lang='lat' dir='ltr'><strong>Karthaginienri·</strong></span> 
     </span>
     <span class='ocr_line' id='line_1_4' title="bbox 204 633 1071 718; baseline -0.002 -14"><span class='ocrx_word' id='word_1_15' title='bbox 204 639 253 704; x_wconf 86' lang='lat' dir='ltr'><strong>uin</strong></span> <span class='ocrx_word' id='word_1_16' title='bbox 266 648 379 704; x_wconf 75' lang='lat' dir='ltr'><strong>olannus</strong></span> <span class='ocrx_word' id='word_1_17' title='bbox 393 645 586 712; x_wconf 69' lang='lat' dir='ltr'><strong>tuireeteunr,</strong></span> <span class='ocrx_word' id='word_1_18' title='bbox 597 645 803 717; x_wconf 65' lang='lat' dir='ltr'><strong>propraetore,</strong></span> <span class='ocrx_word' id='word_1_19' title='bbox 817 633 946 700; x_wconf 77' lang='lat' dir='ltr'><strong>Cilicum</strong></span> <span class='ocrx_word' id='word_1_20' title='bbox 960 659 1071 718; x_wconf 80' lang='lat' dir='ltr'><strong>myopa-</strong></span> 
     </span>
     <span class='ocr_line' id='line_1_5' title="bbox 205 739 1071 818; baseline -0.005 -16"><span class='ocrx_word' id='word_1_21' title='bbox 205 744 270 803; x_wconf 90' lang='lat' dir='ltr'><strong>roni</strong></span> <span class='ocrx_word' id='word_1_22' title='bbox 284 744 531 818; x_wconf 79' lang='lat' dir='ltr'><strong>praedonibusque</strong></span> <span class='ocrx_word' id='word_1_23' title='bbox 556 743 690 816; x_wconf 77' lang='lat' dir='ltr'><strong>patuisse.</strong></span> <span class='ocrx_word' id='word_1_24' title='bbox 733 741 823 799; x_wconf 83' lang='lat' dir='ltr'><strong>Mitto</strong></span> <span class='ocrx_word' id='word_1_25' title='bbox 836 739 997 798; x_wconf 78' lang='lat' dir='ltr'><strong>adhibitam</strong></span> <span class='ocrx_word' id='word_1_26' title='bbox 1014 741 1071 798; x_wconf 90' lang='lat' dir='ltr'><strong>vinr</strong></span> 
     </span>
     <span class='ocr_line' id='line_1_6' title="bbox 204 841 1070 917; baseline -0.007 -15"><span class='ocrx_word' id='word_1_27' title='bbox 204 842 347 917; x_wconf 78' lang='lat' dir='ltr'><strong>ingenuis,</strong></span> <span class='ocrx_word' id='word_1_28' title='bbox 375 841 603 900; x_wconf 79' lang='lat' dir='ltr'><strong>matresfamiliae</strong></span> <span class='ocrx_word' id='word_1_29' title='bbox 628 841 776 898; x_wconf 82' lang='lat' dir='ltr'><strong>violatae:</strong></span> <span class='ocrx_word' id='word_1_30' title='bbox 811 857 885 913; x_wconf 87' lang='lat' dir='ltr'><strong>quae</strong></span> <span class='ocrx_word' id='word_1_31' title='bbox 912 844 980 906; x_wconf 76' lang='lat' dir='ltr'><strong>bum,</strong></span> <span class='ocrx_word' id='word_1_32' title='bbox 1000 841 1070 896; x_wconf 36' lang='lat' dir='ltr'><strong>turbe</strong></span> 
     </span>
     <span class='ocr_line' id='line_1_7' title="bbox 204 937 1069 1014; baseline -0.008 -14"><span class='ocrx_word' id='word_1_33' title='bbox 204 947 299 1014; x_wconf 79' lang='lat' dir='ltr'><strong>napta,</strong></span> <span class='ocrx_word' id='word_1_34' title='bbox 319 941 473 998; x_wconf 79' lang='lat' dir='ltr'><strong>commissa</strong></span> <span class='ocrx_word' id='word_1_35' title='bbox 494 957 552 997; x_wconf 90' lang='lat' dir='ltr'><strong>non</strong></span> <span class='ocrx_word' id='word_1_36' title='bbox 577 943 653 1006; x_wconf 82' lang='lat' dir='ltr'><strong>aunt,</strong></span> <span class='ocrx_word' id='word_1_37' title='bbox 674 957 767 1012; x_wconf 86' lang='lat' dir='ltr'><strong>neque</strong></span> <span class='ocrx_word' id='word_1_38' title='bbox 780 938 850 994; x_wconf 92' lang='lat' dir='ltr'><strong>odio</strong></span> <span class='ocrx_word' id='word_1_39' title='bbox 860 937 965 1004; x_wconf 80' lang='lat' dir='ltr'><strong>hostili,</strong></span> <span class='ocrx_word' id='word_1_40' title='bbox 978 953 1069 1012; x_wconf 85' lang='lat' dir='ltr'><strong>neque</strong></span> 
     </span>
     <span class='ocr_line' id='line_1_8' title="bbox 202 1035 1070 1112; baseline -0.006 -16"><span class='ocrx_word' id='word_1_41' title='bbox 202 1037 324 1096; x_wconf 82' lang='lat' dir='ltr'><strong>lieentia</strong></span> <span class='ocrx_word' id='word_1_42' title='bbox 351 1037 478 1106; x_wconf 84' lang='lat' dir='ltr'><strong>militari,</strong></span> <span class='ocrx_word' id='word_1_43' title='bbox 500 1055 594 1112; x_wconf 87' lang='lat' dir='ltr'><strong>neque</strong></span> <span class='ocrx_word' id='word_1_44' title='bbox 617 1053 695 1096; x_wconf 90' lang='lat' dir='ltr'><strong>more</strong></span> <span class='ocrx_word' id='word_1_45' title='bbox 709 1036 789 1103; x_wconf 87' lang='lat' dir='ltr'><strong>belii,</strong></span> <span class='ocrx_word' id='word_1_46' title='bbox 803 1036 968 1110; x_wconf 85' lang='lat' dir='ltr'><strong>nequejure</strong></span> <span class='ocrx_word' id='word_1_47' title='bbox 981 1035 1070 1092; x_wconf 81' lang='lat' dir='ltr'><strong>vieto-</strong></span> 
     </span>
     <span class='ocr_line' id='line_1_9' title="bbox 203 1134 1072 1210; baseline -0.006 -16"><span class='ocrx_word' id='word_1_48' title='bbox 203 1135 280 1194; x_wconf 80' lang='lat' dir='ltr'><strong>riae:</strong></span> <span class='ocrx_word' id='word_1_49' title='bbox 303 1136 396 1204; x_wconf 90' lang='lat' dir='ltr'><strong>mitto,</strong></span> <span class='ocrx_word' id='word_1_50' title='bbox 418 1136 546 1210; x_wconf 88' lang='lat' dir='ltr'><strong>inquam,</strong></span> <span class='ocrx_word' id='word_1_51' title='bbox 561 1137 635 1194; x_wconf 80' lang='lat' dir='ltr'><strong>haee</strong></span> <span class='ocrx_word' id='word_1_52' title='bbox 656 1135 762 1202; x_wconf 83' lang='lat' dir='ltr'><strong>omnio,</strong></span> <span class='ocrx_word' id='word_1_53' title='bbox 784 1153 857 1210; x_wconf 83' lang='lat' dir='ltr'><strong>quae</strong></span> <span class='ocrx_word' id='word_1_54' title='bbox 882 1137 919 1191; x_wconf 89' lang='lat' dir='ltr'><strong>ab</strong></span> <span class='ocrx_word' id='word_1_55' title='bbox 946 1134 1003 1190; x_wconf 82' lang='lat' dir='ltr'><strong>isto</strong></span> <span class='ocrx_word' id='word_1_56' title='bbox 1023 1151 1072 1206; x_wconf 91' lang='lat' dir='ltr'><strong>per</strong></span> 
     </span>
     <span class='ocr_line' id='line_1_10' title="bbox 204 1231 1072 1308; baseline -0.003 -17"><span class='ocrx_word' id='word_1_57' title='bbox 204 1234 362 1292; x_wconf 85' lang='lat' dir='ltr'><strong>triennium</strong></span> <span class='ocrx_word' id='word_1_58' title='bbox 383 1232 540 1307; x_wconf 71' lang='lat' dir='ltr'><strong>⁴⁰perfecta</strong></span> <span class='ocrx_word' id='word_1_59' title='bbox 564 1238 649 1291; x_wconf 82' lang='lat' dir='ltr'><strong>eunt:</strong></span> <span class='ocrx_word' id='word_1_60' title='bbox 670 1251 714 1300; x_wconf 83' lang='lat' dir='ltr'><strong>ea,</strong></span> <span class='ocrx_word' id='word_1_61' title='bbox 728 1251 800 1308; x_wconf 89' lang='lat' dir='ltr'><strong>quae</strong></span> <span class='ocrx_word' id='word_1_62' title='bbox 824 1231 983 1306; x_wconf 78' lang='lat' dir='ltr'><strong>conjuncta</strong></span> <span class='ocrx_word' id='word_1_63' title='bbox 1007 1247 1072 1289; x_wconf 85' lang='lat' dir='ltr'><strong>oum</strong></span> 
     </span>
     <span class='ocr_line' id='line_1_11' title="bbox 203 1319 1071 1420; baseline -0.002 -30"><span class='ocrx_word' id='word_1_64' title='bbox 203 1319 263 1390; x_wconf 82' lang='lat' dir='ltr'><strong>illis</strong></span> <span class='ocrx_word' id='word_1_65' title='bbox 286 1335 370 1390; x_wconf 79' lang='lat' dir='ltr'><strong>rebus</strong></span> <span class='ocrx_word' id='word_1_66' title='bbox 394 1338 470 1402; x_wconf 83' lang='lat' dir='ltr'><strong>sunt,</strong></span> <span class='ocrx_word' id='word_1_67' title='bbox 497 1333 658 1416; x_wconf 76' lang='lat' dir='ltr'><strong>dequibus</strong></span> <span class='ocrx_word' id='word_1_68' title='bbox 685 1336 772 1388; x_wconf 83' lang='lat' dir='ltr'><strong>antea</strong></span> <span class='ocrx_word' id='word_1_69' title='bbox 795 1332 869 1420; x_wconf 84' lang='lat' dir='ltr'><strong>dixi,</strong></span> <span class='ocrx_word' id='word_1_70' title='bbox 895 1331 1071 1404; x_wconf 79' lang='lat' dir='ltr'><strong>cognoscite.</strong></span> 
     </span>
     <span class='ocr_line' id='line_1_12' title="bbox 203 1429 1071 1504; baseline -0.002 -15"><span class='ocrx_word' id='word_1_71' title='bbox 203 1430 315 1488; x_wconf 80' lang='lat' dir='ltr'>Urbem</span> <span class='ocrx_word' id='word_1_72' title='bbox 331 1432 490 1504; x_wconf 75' lang='lat' dir='ltr'><strong>Syracusas</strong></span> <span class='ocrx_word' id='word_1_73' title='bbox 511 1429 667 1486; x_wconf 82' lang='lat' dir='ltr'><strong>maximam</strong></span> <span class='ocrx_word' id='word_1_74' title='bbox 686 1447 749 1485; x_wconf 80' lang='lat' dir='ltr'><strong>esse</strong></span> <span class='ocrx_word' id='word_1_75' title='bbox 765 1429 942 1488; x_wconf 74' lang='lat' dir='ltr'><strong>Graecarum</strong></span> <span class='ocrx_word' id='word_1_76' title='bbox 960 1429 1071 1487; x_wconf 89' lang='lat' dir='ltr'><strong>urbium</strong></span> 
     </span>
     <span class='ocr_line' id='line_1_13' title="bbox 202 1525 1070 1602; baseline 0 -18"><span class='ocrx_word' id='word_1_77' title='bbox 202 1529 478 1602; x_wconf 77' lang='lat' dir='ltr'><strong>pulcherrimamque</strong></span> <span class='ocrx_word' id='word_1_78' title='bbox 499 1527 637 1594; x_wconf 87' lang='lat' dir='ltr'><strong>omnium,</strong></span> <span class='ocrx_word' id='word_1_79' title='bbox 652 1545 739 1600; x_wconf 77' lang='lat' dir='ltr'><strong>saepe</strong></span> <span class='ocrx_word' id='word_1_80' title='bbox 754 1527 883 1584; x_wconf 77' lang='lat' dir='ltr'><strong>audietis.</strong></span> <span class='ocrx_word' id='word_1_81' title='bbox 925 1528 988 1592; x_wconf 72' lang='lat' dir='ltr'><strong>Est,</strong></span> <span class='ocrx_word' id='word_1_82' title='bbox 996 1525 1070 1600; x_wconf 85' lang='lat' dir='ltr'><strong>judi·</strong></span> 
     </span>
     <span class='ocr_line' id='line_1_14' title="bbox 202 1625 1071 1694; baseline 0.001 -12"><span class='ocrx_word' id='word_1_83' title='bbox 202 1641 262 1694; x_wconf 78' lang='lat' dir='ltr'><strong>oea,</strong></span> <span class='ocrx_word' id='word_1_84' title='bbox 281 1625 332 1694; x_wconf 88' lang='lat' dir='ltr'><strong>ita,</strong></span> <span class='ocrx_word' id='word_1_85' title='bbox 346 1630 377 1684; x_wconf 90' lang='lat' dir='ltr'><strong>ut</strong></span> <span class='ocrx_word' id='word_1_86' title='bbox 397 1626 511 1683; x_wconf 89' lang='lat' dir='ltr'><strong>dieitur.</strong></span> <span class='ocrx_word' id='word_1_87' title='bbox 533 1643 600 1683; x_wconf 88' lang='lat' dir='ltr'><strong>nam</strong></span> <span class='ocrx_word' id='word_1_88' title='bbox 614 1632 644 1683; x_wconf 94' lang='lat' dir='ltr'><strong>et</strong></span> <span class='ocrx_word' id='word_1_89' title='bbox 656 1627 711 1682; x_wconf 87' lang='lat' dir='ltr'><strong>situ</strong></span> <span class='ocrx_word' id='word_1_90' title='bbox 726 1630 780 1693; x_wconf 82' lang='lat' dir='ltr'><strong>est,</strong></span> <span class='ocrx_word' id='word_1_91' title='bbox 793 1643 860 1684; x_wconf 85' lang='lat' dir='ltr'><strong>oum</strong></span> <span class='ocrx_word' id='word_1_92' title='bbox 875 1626 997 1692; x_wconf 87' lang='lat' dir='ltr'><strong>munito,</strong></span> <span class='ocrx_word' id='word_1_93' title='bbox 1010 1632 1071 1684; x_wconf 87' lang='lat' dir='ltr'><strong>tum</strong></span> 
     </span>
     <span class='ocr_line' id='line_1_15' title="bbox 201 1724 1070 1798; baseline -0.001 -15"><span class='ocrx_word' id='word_1_94' title='bbox 201 1741 240 1784; x_wconf 83' lang='lat' dir='ltr'><strong>ex</strong></span> <span class='ocrx_word' id='word_1_95' title='bbox 261 1724 341 1782; x_wconf 88' lang='lat' dir='ltr'><strong>omni</strong></span> <span class='ocrx_word' id='word_1_96' title='bbox 364 1725 517 1792; x_wconf 73' lang='lat' dir='ltr'><strong>aditure!</strong></span> <span class='ocrx_word' id='word_1_97' title='bbox 539 1729 623 1792; x_wconf 86' lang='lat' dir='ltr'><strong>terra,</strong></span> <span class='ocrx_word' id='word_1_98' title='bbox 638 1728 685 1783; x_wconf 87' lang='lat' dir='ltr'><strong>vel</strong></span> <span class='ocrx_word' id='word_1_99' title='bbox 707 1725 788 1792; x_wconf 87' lang='lat' dir='ltr'><strong>mari,</strong></span> <span class='ocrx_word' id='word_1_100' title='bbox 801 1727 951 1798; x_wconf 79' lang='lat' dir='ltr'><strong>praeclaro</strong></span> <span class='ocrx_word' id='word_1_101' title='bbox 970 1725 1008 1780; x_wconf 87' lang='lat' dir='ltr'><strong>ad</strong></span> <span class='ocrx_word' id='word_1_102' title='bbox 1022 1726 1070 1782; x_wconf 86' lang='lat' dir='ltr'><strong>ad·</strong></span> 
     </span>
     <span class='ocr_line' id='line_1_16' title="bbox 202 1822 1073 1897; baseline 0 -16"><span class='ocrx_word' id='word_1_103' title='bbox 202 1828 350 1897; x_wconf 79' lang='lat' dir='ltr'><strong>spectum:</strong></span> <span class='ocrx_word' id='word_1_104' title='bbox 372 1828 402 1880; x_wconf 91' lang='lat' dir='ltr'><strong>et</strong></span> <span class='ocrx_word' id='word_1_105' title='bbox 416 1829 512 1897; x_wconf 83' lang='lat' dir='ltr'><strong>portus</strong></span> <span class='ocrx_word' id='word_1_106' title='bbox 534 1825 622 1880; x_wconf 87' lang='lat' dir='ltr'><strong>habet</strong></span> <span class='ocrx_word' id='word_1_107' title='bbox 645 1841 732 1897; x_wconf 87' lang='lat' dir='ltr'><strong>prope</strong></span> <span class='ocrx_word' id='word_1_108' title='bbox 751 1823 783 1880; x_wconf 90' lang='lat' dir='ltr'><strong>in</strong></span> <span class='ocrx_word' id='word_1_109' title='bbox 806 1822 1011 1881; x_wconf 82' lang='lat' dir='ltr'><strong>aedificatione</strong></span> <span class='ocrx_word' id='word_1_110' title='bbox 1025 1824 1073 1881; x_wconf 80' lang='lat' dir='ltr'><strong>au·</strong></span> 
     </span>
     <span class='ocr_line' id='line_1_17' title="bbox 201 1922 1072 1996; baseline 0 -18"><span class='ocrx_word' id='word_1_111' title='bbox 201 1927 359 1995; x_wconf 82' lang='lat' dir='ltr'><strong>rpeotuque</strong></span> <span class='ocrx_word' id='word_1_112' title='bbox 384 1923 460 1979; x_wconf 78' lang='lat' dir='ltr'><strong>urbis</strong></span> <span class='ocrx_word' id='word_1_113' title='bbox 482 1922 627 1978; x_wconf 81' lang='lat' dir='ltr'><strong>inclusos:</strong></span> <span class='ocrx_word' id='word_1_114' title='bbox 648 1922 697 1996; x_wconf 92' lang='lat' dir='ltr'><strong>qui</strong></span> <span class='ocrx_word' id='word_1_115' title='bbox 721 1939 788 1980; x_wconf 87' lang='lat' dir='ltr'><strong>oum</strong></span> <span class='ocrx_word' id='word_1_116' title='bbox 800 1922 931 1980; x_wconf 79' lang='lat' dir='ltr'><strong>diversor</strong></span> <span class='ocrx_word' id='word_1_117' title='bbox 945 1923 1023 1978; x_wconf 89' lang='lat' dir='ltr'><strong>inter</strong></span> <span class='ocrx_word' id='word_1_118' title='bbox 1041 1937 1072 1978; x_wconf 84' lang='lat' dir='ltr'><strong>re</strong></span> 
     </span>
     <span class='ocr_line' id='line_1_18' title="bbox 201 2008 1071 2094; baseline 0.003 -19"><span class='ocrx_word' id='word_1_119' title='bbox 201 2019 296 2076; x_wconf 77' lang='lat' dir='ltr'><strong>aditur</strong></span> <span class='ocrx_word' id='word_1_120' title='bbox 307 2019 444 2084; x_wconf 87' lang='lat' dir='ltr'><strong>babeant,</strong></span> <span class='ocrx_word' id='word_1_121' title='bbox 457 2008 517 2076; x_wconf 69' lang='lat' dir='ltr'><strong>¹⁴¹in</strong></span> <span class='ocrx_word' id='word_1_122' title='bbox 532 2020 613 2076; x_wconf 82' lang='lat' dir='ltr'><strong>exitu</strong></span> <span class='ocrx_word' id='word_1_123' title='bbox 637 2020 852 2094; x_wconf 81' lang='lat' dir='ltr'><strong>conjunguntur</strong></span> <span class='ocrx_word' id='word_1_124' title='bbox 865 2025 896 2077; x_wconf 89' lang='lat' dir='ltr'><strong>et</strong></span> <span class='ocrx_word' id='word_1_125' title='bbox 914 2020 1071 2078; x_wconf 81' lang='lat' dir='ltr'><strong>confluunt.</strong></span> 
     </span>
     <span class='ocr_line' id='line_1_19' title="bbox 201 2114 1078 2198; baseline 0.005 -26"><span class='ocrx_word' id='word_1_126' title='bbox 201 2115 310 2187; x_wconf 80' lang='lat' dir='ltr'><strong>Eorum</strong></span> <span class='ocrx_word' id='word_1_127' title='bbox 332 2115 539 2188; x_wconf 81' lang='lat' dir='ltr'><strong>conjunctione</strong></span> <span class='ocrx_word' id='word_1_128' title='bbox 561 2114 658 2198; x_wconf 14' lang='lat' dir='ltr'><strong>&#39;⁴²pare</strong></span> <span class='ocrx_word' id='word_1_129' title='bbox 681 2117 789 2190; x_wconf 86' lang='lat' dir='ltr'><strong>oppidi,</strong></span> <span class='ocrx_word' id='word_1_130' title='bbox 813 2136 886 2193; x_wconf 86' lang='lat' dir='ltr'><strong>quae</strong></span> <span class='ocrx_word' id='word_1_131' title='bbox 912 2121 1078 2191; x_wconf 83' lang='lat' dir='ltr'><strong>appellatur·</strong></span> 
     </span>
     <span class='ocr_line' id='line_1_20' title="bbox 202 2210 1076 2292; baseline 0.003 -22"><span class='ocrx_word' id='word_1_132' title='bbox 202 2213 311 2282; x_wconf 80' lang='lat' dir='ltr'><strong>Insula,</strong></span> <span class='ocrx_word' id='word_1_133' title='bbox 331 2210 352 2244; x_wconf 72' lang='lat'><strong>‘³</strong></span> <span class='ocrx_word' id='word_1_134' title='bbox 362 2213 435 2270; x_wconf 88' lang='lat' dir='ltr'><strong>mari</strong></span> <span class='ocrx_word' id='word_1_135' title='bbox 448 2213 593 2286; x_wconf 76' lang='lat' dir='ltr'><strong>diaJunota</strong></span> <span class='ocrx_word' id='word_1_136' title='bbox 606 2221 737 2289; x_wconf 80' lang='lat' dir='ltr'><strong>angusto,</strong></span> <span class='ocrx_word' id='word_1_137' title='bbox 751 2221 959 2289; x_wconf 78' lang='lat' dir='ltr'><strong>pontenurum</strong></span> <span class='ocrx_word' id='word_1_138' title='bbox 973 2216 1076 2292; x_wconf 83' lang='lat' dir='ltr'><strong>adjun-</strong></span> 
     </span>
     <span class='ocr_line' id='line_1_21' title="bbox 201 2311 1075 2388; baseline 0.005 -20"><span class='ocrx_word' id='word_1_139' title='bbox 201 2311 277 2386; x_wconf 84' lang='lat' dir='ltr'><strong>gitur</strong></span> <span class='ocrx_word' id='word_1_140' title='bbox 290 2317 321 2369; x_wconf 90' lang='lat' dir='ltr'><strong>et</strong></span> <span class='ocrx_word' id='word_1_141' title='bbox 334 2312 508 2370; x_wconf 81' lang='lat' dir='ltr'><strong>continetur.</strong></span> <span class='ocrx_word' id='word_1_142' title='bbox 549 2313 594 2370; x_wconf 83' lang='lat' dir='ltr'><strong>Ea</strong></span> <span class='ocrx_word' id='word_1_143' title='bbox 607 2317 689 2370; x_wconf 86' lang='lat' dir='ltr'><strong>tanta</strong></span> <span class='ocrx_word' id='word_1_144' title='bbox 702 2319 746 2370; x_wconf 82' lang='lat' dir='ltr'><strong>eet</strong></span> <span class='ocrx_word' id='word_1_145' title='bbox 757 2316 832 2382; x_wconf 78' lang='lat' dir='ltr'><strong>urbe,</strong></span> <span class='ocrx_word' id='word_1_146' title='bbox 843 2319 875 2371; x_wconf 88' lang='lat' dir='ltr'><strong>ut</strong></span> <span class='ocrx_word' id='word_1_147' title='bbox 893 2333 931 2371; x_wconf 86' lang='lat' dir='ltr'><strong>ex</strong></span> <span class='ocrx_word' id='word_1_148' title='bbox 952 2321 1075 2388; x_wconf 87' lang='lat' dir='ltr'><strong>quatuor</strong></span> 
     </span>
     <span class='ocr_line' id='line_1_22' title="bbox 200 2410 1075 2487; baseline 0.006 -21"><span class='ocrx_word' id='word_1_149' title='bbox 200 2411 316 2468; x_wconf 81' lang='lat' dir='ltr'><strong>urbibus</strong></span> <span class='ocrx_word' id='word_1_150' title='bbox 328 2410 609 2468; x_wconf 51' lang='lat' dir='ltr'><strong>maximiahonatare</strong></span> <span class='ocrx_word' id='word_1_151' title='bbox 621 2411 750 2468; x_wconf 81' lang='lat' dir='ltr'><strong>dicatur:</strong></span> <span class='ocrx_word' id='word_1_152' title='bbox 772 2429 890 2487; x_wconf 88' lang='lat' dir='ltr'><strong>quarum</strong></span> <span class='ocrx_word' id='word_1_153' title='bbox 901 2431 958 2470; x_wconf 83' lang='lat' dir='ltr'><strong>una</strong></span> <span class='ocrx_word' id='word_1_154' title='bbox 971 2420 1016 2470; x_wconf 83' lang='lat' dir='ltr'><strong>eat</strong></span> <span class='ocrx_word' id='word_1_155' title='bbox 1027 2431 1075 2483; x_wconf 86' lang='lat' dir='ltr'><strong>ea,</strong></span> 
     </span>
     <span class='ocr_line' id='line_1_23' title="bbox 200 2509 1075 2584; baseline 0.009 -21"><span class='ocrx_word' id='word_1_156' title='bbox 200 2525 286 2582; x_wconf 86' lang='lat' dir='ltr'><strong>quam</strong></span> <span class='ocrx_word' id='word_1_157' title='bbox 306 2509 378 2576; x_wconf 86' lang='lat' dir='ltr'><strong>dixi,</strong></span> <span class='ocrx_word' id='word_1_158' title='bbox 393 2510 507 2565; x_wconf 88' lang='lat' dir='ltr'><strong>lnsuta:</strong></span> <span class='ocrx_word' id='word_1_159' title='bbox 528 2527 602 2584; x_wconf 89' lang='lat' dir='ltr'><strong>quae</strong></span> <span class='ocrx_word' id='word_1_160' title='bbox 619 2512 730 2574; x_wconf 73' lang='lat' dir='ltr'><strong>duobus</strong></span> <span class='ocrx_word' id='word_1_161' title='bbox 751 2514 889 2584; x_wconf 82' lang='lat' dir='ltr'><strong>portubus</strong></span> <span class='ocrx_word' id='word_1_162' title='bbox 912 2513 1021 2580; x_wconf 80' lang='lat' dir='ltr'><strong>cineta,</strong></span> <span class='ocrx_word' id='word_1_163' title='bbox 1040 2513 1075 2571; x_wconf 90' lang='lat' dir='ltr'><strong>in</strong></span> 
     </span>
     <span class='ocr_line' id='line_1_24' title="bbox 199 2605 1077 2684; baseline 0.007 -22"><span class='ocrx_word' id='word_1_164' title='bbox 199 2605 346 2681; x_wconf 84' lang='lat' dir='ltr'><strong>utriusque</strong></span> <span class='ocrx_word' id='word_1_165' title='bbox 373 2613 470 2680; x_wconf 81' lang='lat' dir='ltr'><strong>portus</strong></span> <span class='ocrx_word' id='word_1_166' title='bbox 498 2609 603 2665; x_wconf 78' lang='lat' dir='ltr'><strong>ortium</strong></span> <span class='ocrx_word' id='word_1_167' title='bbox 620 2609 785 2683; x_wconf 88' lang='lat' dir='ltr'><strong>aditumque</strong></span> <span class='ocrx_word' id='word_1_168' title='bbox 811 2611 939 2684; x_wconf 80' lang='lat' dir='ltr'><strong>projecta</strong></span> <span class='ocrx_word' id='word_1_169' title='bbox 958 2616 1020 2668; x_wconf 87' lang='lat' dir='ltr'><strong>est:</strong></span> <span class='ocrx_word' id='word_1_170' title='bbox 1043 2611 1077 2668; x_wconf 89' lang='lat' dir='ltr'><strong>in</strong></span> 
     </span>
     <span class='ocr_line' id='line_1_25' title="bbox 199 2707 1076 2782; baseline 0.005 -20"><span class='ocrx_word' id='word_1_171' title='bbox 199 2723 255 2780; x_wconf 87' lang='lat' dir='ltr'><strong>qua</strong></span> <span class='ocrx_word' id='word_1_172' title='bbox 268 2708 370 2764; x_wconf 86' lang='lat' dir='ltr'><strong>domne</strong></span> <span class='ocrx_word' id='word_1_173' title='bbox 384 2712 437 2774; x_wconf 83' lang='lat' dir='ltr'><strong>est,</strong></span> <span class='ocrx_word' id='word_1_174' title='bbox 452 2724 525 2781; x_wconf 85' lang='lat' dir='ltr'><strong>qnae</strong></span> <span class='ocrx_word' id='word_1_175' title='bbox 540 2707 765 2781; x_wconf 75' lang='lat' dir='ltr'><strong>regie-Hieronis</strong></span> <span class='ocrx_word' id='word_1_176' title='bbox 779 2708 844 2777; x_wconf 80' lang='lat' dir='ltr'><strong>suit,</strong></span> <span class='ocrx_word' id='word_1_177' title='bbox 856 2725 912 2782; x_wconf 89' lang='lat' dir='ltr'><strong>qua</strong></span> <span class='ocrx_word' id='word_1_178' title='bbox 925 2715 1076 2782; x_wconf 74' lang='lat' dir='ltr'><strong>praetore·</strong></span> 
     </span>
     <span class='ocr_line' id='line_1_26' title="bbox 198 2803 1078 2880; baseline 0.005 -20"><span class='ocrx_word' id='word_1_179' title='bbox 198 2803 355 2860; x_wconf 84' lang='lat' dir='ltr'><strong>utieolent.</strong></span> <span class='ocrx_word' id='word_1_180' title='bbox 398 2806 432 2861; x_wconf 89' lang='lat' dir='ltr'><strong>ln</strong></span> <span class='ocrx_word' id='word_1_181' title='bbox 448 2823 483 2860; x_wconf 85' lang='lat' dir='ltr'><strong>ea</strong></span> <span class='ocrx_word' id='word_1_182' title='bbox 500 2810 567 2862; x_wconf 82' lang='lat' dir='ltr'><strong>eunt</strong></span> <span class='ocrx_word' id='word_1_183' title='bbox 586 2808 674 2864; x_wconf 79' lang='lat' dir='ltr'><strong>aedes</strong></span> <span class='ocrx_word' id='word_1_184' title='bbox 692 2821 796 2871; x_wconf 68' lang='lat' dir='ltr'><strong>eborae</strong></span> <span class='ocrx_word' id='word_1_185' title='bbox 818 2810 999 2880; x_wconf 81' lang='lat' dir='ltr'><strong>oompiurer:</strong></span> <span class='ocrx_word' id='word_1_186' title='bbox 1021 2807 1078 2864; x_wconf 82' lang='lat' dir='ltr'><strong>aed</strong></span> 
     </span>
     <span class='ocr_line' id='line_1_27' title="bbox 197 2874 1077 2975; baseline 0.009 -21"><span class='ocrx_word' id='word_1_187' title='bbox 197 2899 281 2965; x_wconf 86' lang='lat' dir='ltr'><strong>duae,</strong></span> <span class='ocrx_word' id='word_1_188' title='bbox 303 2917 376 2973; x_wconf 89' lang='lat' dir='ltr'><strong>quae</strong></span> <span class='ocrx_word' id='word_1_189' title='bbox 399 2903 486 2975; x_wconf 85' lang='lat' dir='ltr'><strong>longe</strong></span> <span class='ocrx_word' id='word_1_190' title='bbox 510 2904 616 2960; x_wconf 80' lang='lat' dir='ltr'><strong>ueteris</strong></span> <span class='ocrx_word' id='word_1_191' title='bbox 639 2874 834 2962; x_wconf 75' lang='lat' dir='ltr'><strong>ariteoelluntr</strong></span> <span class='ocrx_word' id='word_1_192' title='bbox 860 2906 977 2970; x_wconf 84' lang='lat' dir='ltr'><strong>Dianae</strong></span> <span class='ocrx_word' id='word_1_193' title='bbox 990 2923 1077 2974; x_wconf 83' lang='lat' dir='ltr'><strong>nna;</strong></span> 
     </span>
     <span class='ocr_line' id='line_1_28' title="bbox 199 2997 1074 3071; baseline 0.013 -20"><span class='ocrx_word' id='word_1_194' title='bbox 199 2997 342 3063; x_wconf 83' lang='lat' dir='ltr'><strong>etaltera,</strong></span> <span class='ocrx_word' id='word_1_195' title='bbox 356 3014 428 3071; x_wconf 83' lang='lat' dir='ltr'><strong>quae</strong></span> <span class='ocrx_word' id='word_1_196' title='bbox 448 2998 503 3055; x_wconf 80' lang='lat' dir='ltr'><strong>suit</strong></span> <span class='ocrx_word' id='word_1_197' title='bbox 520 3005 588 3056; x_wconf 87' lang='lat' dir='ltr'><strong>ante</strong></span> <span class='ocrx_word' id='word_1_198' title='bbox 602 3001 684 3058; x_wconf 79' lang='lat' dir='ltr'><strong>istius</strong></span> <span class='ocrx_word' id='word_1_199' title='bbox 698 3005 856 3062; x_wconf 87' lang='lat' dir='ltr'><strong>adventurn</strong></span> <span class='ocrx_word' id='word_1_200' title='bbox 875 3003 1074 3071; x_wconf 75' lang='lat' dir='ltr'><strong>ornatissima,</strong></span> 
     </span>
    </p>
   </div>
   <div class='ocr_carea' id='block_1_3' title="bbox 198 3149 1079 3270">
    <p class='ocr_par' dir='ltr' id='par_1_3' title="bbox 198 3149 1079 3270">
     <span class='ocr_line' id='line_1_29' title="bbox 227 3149 1079 3218; baseline 0.001 -21"><span class='ocrx_word' id='word_1_201' title='bbox 227 3149 249 3184; x_wconf 82' lang='lat'><strong>⁴⁰</strong></span> <span class='ocrx_word' id='word_1_202' title='bbox 259 3150 357 3208; x_wconf 76' lang='lat' dir='ltr'><strong>perfectu</strong></span> <span class='ocrx_word' id='word_1_203' title='bbox 366 3151 437 3212; x_wconf 79' lang='lat' dir='ltr'><strong>runt]</strong></span> <span class='ocrx_word' id='word_1_204' title='bbox 469 3151 599 3200; x_wconf 77' lang='lat' dir='ltr'><strong>insolentius</strong></span> <span class='ocrx_word' id='word_1_205' title='bbox 609 3169 651 3216; x_wconf 87' lang='lat' dir='ltr'><strong>pro</strong></span> <span class='ocrx_word' id='word_1_206' title='bbox 665 3161 795 3218; x_wconf 72' lang='lat' dir='ltr'><strong>perpetrata</strong></span> <span class='ocrx_word' id='word_1_207' title='bbox 805 3161 868 3205; x_wconf 71' lang='lat' dir='ltr'><strong>runt:</strong></span> <span class='ocrx_word' id='word_1_208' title='bbox 889 3156 993 3204; x_wconf 73' lang='lat' dir='ltr'><strong>dtamen</strong></span> <span class='ocrx_word' id='word_1_209' title='bbox 1001 3155 1079 3204; x_wconf 73' lang='lat' dir='ltr'><strong>lecti·</strong></span> 
     </span>
     <span class='ocr_line' id='line_1_30' title="bbox 198 3211 609 3270; baseline 0.01 -15"><span class='ocrx_word' id='word_1_210' title='bbox 198 3223 258 3267; x_wconf 79' lang='lat' dir='ltr'><strong>vera,</strong></span> <span class='ocrx_word' id='word_1_211' title='bbox 269 3214 293 3256; x_wconf 87' lang='lat' dir='ltr'><strong>et</strong></span> <span class='ocrx_word' id='word_1_212' title='bbox 303 3225 345 3257; x_wconf 91' lang='lat' dir='ltr'><strong>non</strong></span> <span class='ocrx_word' id='word_1_213' title='bbox 354 3213 476 3267; x_wconf 79' lang='lat' dir='ltr'><strong>perpetratu</strong></span> <span class='ocrx_word' id='word_1_214' title='bbox 486 3211 609 3270; x_wconf 85' lang='lat' dir='ltr'><strong>legendum.</strong></span> 
     </span>
    </p>
   </div>
   <div class='ocr_carea' id='block_1_4' title="bbox 197 3288 1076 3412">
    <p class='ocr_par' dir='ltr' id='par_1_4' title="bbox 197 3288 1076 3412">
     <span class='ocr_line' id='line_1_31' title="bbox 227 3288 1076 3351; baseline 0.008 -18"><span class='ocrx_word' id='word_1_215' title='bbox 227 3288 247 3320; x_wconf 85' lang='lat'><strong>⁴¹</strong></span> <span class='ocrx_word' id='word_1_216' title='bbox 261 3289 288 3335; x_wconf 80' lang='lat' dir='ltr'><strong>in</strong></span> <span class='ocrx_word' id='word_1_217' title='bbox 301 3290 363 3336; x_wconf 71' lang='lat' dir='ltr'><strong>coitu</strong></span> <span class='ocrx_word' id='word_1_218' title='bbox 369 3290 541 3349; x_wconf 72' lang='lat' dir='ltr'><strong>conjungamur</strong></span> <span class='ocrx_word' id='word_1_219' title='bbox 572 3291 587 3338; x_wconf 89' lang='lat' dir='ltr'><strong>i.</strong></span> <span class='ocrx_word' id='word_1_220' title='bbox 599 3306 619 3338; x_wconf 87' lang='lat' dir='ltr'><strong>e.</strong></span> <span class='ocrx_word' id='word_1_221' title='bbox 631 3299 711 3341; x_wconf 84' lang='lat' dir='ltr'><strong>ooeunt</strong></span> <span class='ocrx_word' id='word_1_222' title='bbox 727 3295 750 3341; x_wconf 92' lang='lat' dir='ltr'><strong>in</strong></span> <span class='ocrx_word' id='word_1_223' title='bbox 764 3295 828 3351; x_wconf 85' lang='lat' dir='ltr'><strong>urbe,</strong></span> <span class='ocrx_word' id='word_1_224' title='bbox 839 3295 871 3342; x_wconf 85' lang='lat' dir='ltr'><strong>uti</strong></span> <span class='ocrx_word' id='word_1_225' title='bbox 889 3310 943 3342; x_wconf 83' lang='lat' dir='ltr'><strong>unur</strong></span> <span class='ocrx_word' id='word_1_226' title='bbox 957 3293 1076 3342; x_wconf 82' lang='lat' dir='ltr'><strong>videatur.</strong></span> 
     </span>
     <span class='ocr_line' id='line_1_32' title="bbox 197 3344 1011 3412; baseline 0.007 -20"><span class='ocrx_word' id='word_1_227' title='bbox 197 3344 290 3407; x_wconf 86' lang='lat' dir='ltr'><strong>Proprie</strong></span> <span class='ocrx_word' id='word_1_228' title='bbox 300 3363 343 3393; x_wconf 92' lang='lat' dir='ltr'><strong>non</strong></span> <span class='ocrx_word' id='word_1_229' title='bbox 353 3353 402 3394; x_wconf 82' lang='lat' dir='ltr'><strong>erat</strong></span> <span class='ocrx_word' id='word_1_230' title='bbox 413 3349 483 3396; x_wconf 81' lang='lat' dir='ltr'><strong>exitur</strong></span> <span class='ocrx_word' id='word_1_231' title='bbox 494 3369 499 3396; x_wconf 87' lang='lat'><strong>:</strong></span> <span class='ocrx_word' id='word_1_232' title='bbox 516 3365 526 3396; x_wconf 84' lang='lat' dir='ltr'>s</span> <span class='ocrx_word' id='word_1_233' title='bbox 563 3349 644 3398; x_wconf 83' lang='lat' dir='ltr'><strong>Cicero</strong></span> <span class='ocrx_word' id='word_1_234' title='bbox 654 3352 684 3400; x_wconf 81' lang='lat' dir='ltr'><strong>rio</strong></span> <span class='ocrx_word' id='word_1_235' title='bbox 693 3353 756 3412; x_wconf 75' lang='lat' dir='ltr'><strong>dixit,</strong></span> <span class='ocrx_word' id='word_1_236' title='bbox 769 3359 794 3400; x_wconf 89' lang='lat' dir='ltr'><strong>ut</strong></span> <span class='ocrx_word' id='word_1_237' title='bbox 803 3355 914 3401; x_wconf 76' lang='lat' dir='ltr'><strong>antitheta</strong></span> <span class='ocrx_word' id='word_1_238' title='bbox 923 3357 1011 3399; x_wconf 81' lang='lat' dir='ltr'><strong>flerent.</strong></span> 
     </span>
    </p>
   </div>
   <div class='ocr_carea' id='block_1_5' title="bbox 195 3423 1078 3551">
    <p class='ocr_par' dir='ltr' id='par_1_5' title="bbox 195 3423 1078 3551">
     <span class='ocr_line' id='line_1_33' title="bbox 226 3423 1078 3496; baseline 0.004 -19"><span class='ocrx_word' id='word_1_239' title='bbox 226 3423 249 3456; x_wconf 78' lang='lat'><strong>⁴²</strong></span> <span class='ocrx_word' id='word_1_240' title='bbox 261 3440 314 3482; x_wconf 67' lang='lat' dir='ltr'><strong>vars</strong></span> <span class='ocrx_word' id='word_1_241' title='bbox 323 3427 403 3496; x_wconf 70' lang='lat' dir='ltr'><strong>oppidi,</strong></span> <span class='ocrx_word' id='word_1_242' title='bbox 414 3429 468 3488; x_wconf 70' lang='lat' dir='ltr'><strong>eto]</strong></span> <span class='ocrx_word' id='word_1_243' title='bbox 489 3429 536 3476; x_wconf 83' lang='lat' dir='ltr'><strong>Mn.</strong></span> <span class='ocrx_word' id='word_1_244' title='bbox 547 3429 612 3477; x_wconf 86' lang='lat' dir='ltr'><strong>Leid.</strong></span> <span class='ocrx_word' id='word_1_245' title='bbox 624 3431 669 3478; x_wconf 81' lang='lat' dir='ltr'><strong>rie:</strong></span> <span class='ocrx_word' id='word_1_246' title='bbox 685 3448 739 3490; x_wconf 83' lang='lat' dir='ltr'><strong>porr</strong></span> <span class='ocrx_word' id='word_1_247' title='bbox 749 3434 822 3492; x_wconf 70' lang='lat' dir='ltr'><strong>oppida·</strong></span> <span class='ocrx_word' id='word_1_248' title='bbox 830 3448 861 3490; x_wconf 78' lang='lat' dir='ltr'><strong>ea,</strong></span> <span class='ocrx_word' id='word_1_249' title='bbox 870 3448 924 3494; x_wconf 73' lang='lat' dir='ltr'><strong>ptrue</strong></span> <span class='ocrx_word' id='word_1_250' title='bbox 933 3447 954 3478; x_wconf 84' lang='lat' dir='ltr'><strong>o.</strong></span> <span class='ocrx_word' id='word_1_251' title='bbox 965 3431 987 3479; x_wconf 82' lang='lat'><strong>1.</strong></span> <span class='ocrx_word' id='word_1_252' title='bbox 1000 3429 1078 3480; x_wconf 68' lang='lat' dir='ltr'><strong>cordi·</strong></span> 
     </span>
     <span class='ocr_line' id='line_1_34' title="bbox 195 3486 915 3551; baseline 0.003 -15"><span class='ocrx_word' id='word_1_253' title='bbox 195 3487 269 3539; x_wconf 69' lang='lat' dir='ltr'><strong>mnu,</strong></span> <span class='ocrx_word' id='word_1_254' title='bbox 278 3498 336 3529; x_wconf 62' lang='lat' dir='ltr'><strong>olan</strong></span> <span class='ocrx_word' id='word_1_255' title='bbox 343 3486 394 3543; x_wconf 69' lang='lat' dir='ltr'><strong>duty·</strong></span> <span class='ocrx_word' id='word_1_256' title='bbox 404 3499 456 3542; x_wconf 76' lang='lat' dir='ltr'><strong>ang.</strong></span> <span class='ocrx_word' id='word_1_257' title='bbox 465 3493 530 3542; x_wconf 77' lang='lat' dir='ltr'><strong>ponte</strong></span> <span class='ocrx_word' id='word_1_258' title='bbox 539 3503 634 3536; x_wconf 82' lang='lat' dir='ltr'><strong>rurrum</strong></span> <span class='ocrx_word' id='word_1_259' title='bbox 642 3491 778 3551; x_wconf 70' lang='lat' dir='ltr'><strong>adjungimr</strong></span> <span class='ocrx_word' id='word_1_260' title='bbox 788 3492 915 3540; x_wconf 59' lang='lat' dir='ltr'><strong>comanti</strong></span> 
     </span>
    </p>
   </div>
   <div class='ocr_carea' id='block_1_6' title="bbox 192 3561 1078 3682">
    <p class='ocr_par' dir='ltr' id='par_1_6' title="bbox 192 3561 1078 3682">
     <span class='ocr_line' id='line_1_35' title="bbox 225 3561 1078 3634; baseline 0.013 -29"><span class='ocrx_word' id='word_1_261' title='bbox 225 3561 248 3594; x_wconf 74' lang='lat'><strong>⁴³</strong></span> <span class='ocrx_word' id='word_1_262' title='bbox 261 3562 321 3608; x_wconf 80' lang='lat' dir='ltr'><strong>muri</strong></span> <span class='ocrx_word' id='word_1_263' title='bbox 329 3561 549 3632; x_wconf 65' lang='lat' dir='ltr'><strong>dipupcbonguab]</strong></span> <span class='ocrx_word' id='word_1_264' title='bbox 560 3567 589 3612; x_wconf 84' lang='lat' dir='ltr'><strong>ab</strong></span> <span class='ocrx_word' id='word_1_265' title='bbox 598 3569 684 3632; x_wconf 86' lang='lat' dir='ltr'><strong>reliqua</strong></span> <span class='ocrx_word' id='word_1_266' title='bbox 692 3571 761 3632; x_wconf 77' lang='lat' dir='ltr'><strong>urbe3</strong></span> <span class='ocrx_word' id='word_1_267' title='bbox 777 3585 835 3634; x_wconf 79' lang='lat' dir='ltr'><strong>aqua</strong></span> <span class='ocrx_word' id='word_1_268' title='bbox 844 3585 888 3620; x_wconf 85' lang='lat' dir='ltr'><strong>non</strong></span> <span class='ocrx_word' id='word_1_269' title='bbox 904 3571 953 3618; x_wconf 83' lang='lat' dir='ltr'><strong>lata</strong></span> <span class='ocrx_word' id='word_1_270' title='bbox 966 3573 991 3618; x_wconf 84' lang='lat' dir='ltr'><strong>et</strong></span> <span class='ocrx_word' id='word_1_271' title='bbox 1005 3569 1078 3617; x_wconf 75' lang='lat' dir='ltr'><strong>velut</strong></span> 
     </span>
     <span class='ocr_line' id='line_1_36' title="bbox 192 3613 593 3682; baseline 0.01 -14"><span class='ocrx_word' id='word_1_272' title='bbox 192 3613 252 3668; x_wconf 74' lang='lat' dir='ltr'><strong>freto</strong></span> <span class='ocrx_word' id='word_1_273' title='bbox 260 3647 270 3657; x_wconf 95' lang='lat'>·</span> <span class='ocrx_word' id='word_1_274' title='bbox 278 3645 288 3656; x_wconf 95' lang='lat'>-</span> <span class='ocrx_word' id='word_1_275' title='bbox 297 3621 432 3682; x_wconf 67' lang='lat' dir='ltr'><strong>adponentur</strong></span> <span class='ocrx_word' id='word_1_276' title='bbox 440 3627 528 3672; x_wconf 75' lang='lat' dir='ltr'><strong>ortanae</strong></span> <span class='ocrx_word' id='word_1_277' title='bbox 537 3625 593 3673; x_wconf 87' lang='lat' dir='ltr'><strong>urbi.</strong></span> 
     </span>
    </p>
   </div>
   <div class='ocr_carea' id='block_1_7' title="bbox 0 0 1218 4212">
    <p class='ocr_par' dir='ltr' id='par_1_7' title="bbox 0 0 1218 4212">
     <span class='ocr_line' id='line_1_37' title="bbox 0 0 1218 4212; baseline 0 0"><span class='ocrx_word' id='word_1_278' title='bbox 0 0 1218 4212; x_wconf 95' lang='lat' dir='ltr'><strong> </strong></span> 
     </span>
    </p>
   </div>
  </div>
 </body>
</html>
