2486 4212
207 322 268 382 102
544 313 580 365 lli
592 313 736 366 VltlanM

204 463 363 538 pecnlstus,
380 460 474 540 ‘quoi
486 463 633 539 publicum
644 461 743 538 populi
756 456 882 520 Romani
891 457 1017 533 signum,
1030 461 1067 518 ‹le

205 564 312 637 proedo
332 563 459 621 hostium
481 568 607 637 ceptum,
627 563 751 637 positum
771 557 952 632 imperatoris
979 559 1071 618 nostri

205 658 334 728 nomine,
356 677 416 719 non
436 661 582 720 dubitavit
600 661 718 718 anferre.
739 661 783 714 est
804 655 973 730 mejestatis,
995 657 1071 730 quod

205 756 320 832 imperii
335 760 425 818 nostri
438 759 547 834 gloriae
564 773 711 832 rerumque
724 760 868 828 gestorum
883 760 1071 816 monuments

206 861 339 914 evertere
353 863 438 933 utque
459 839 603 930 seponere
622 871 707 912 susus
721 858 774 910 est.
795 858 841 908 est
853 851 978 919 sceleris,
992 854 1070 926 qnod

208 954 364 1030 religiones
378 955 519 1014 maximos
534 951 666 1010 violavit.
687 956 732 1012 est
745 948 931 1017 crudelitatis,
948 951 1023 1024 quod
1034 949 1068 1008 in

207 1053 355 1112 hominem
368 1054 564 1124 innocentem,
578 1049 611 1106 in
623 1049 733 1106 socium
755 1051 883 1106 nostrum
903 1052 987 1123 etque
1000 1047 1071 1107 smi-

207 1167 283 1218 cum,
296 1167 406 1208 novum
419 1167 453 1207 ec
467 1149 613 1222 singulare
625 1145 761 1221 supplicii
774 1164 864 1221 genus
879 1146 1070 1220 excogitavit.

208 1247 286 1307 illud
299 1247 451 1322 veroquid
464 1245 511 1314 sit,
518 1245 583 1319 jam
592 1261 651 1303 non
661 1262 736 1320 queo
748 1245 862 1304 dicere:
883 1261 940 1320 qno
954 1245 1072 1302 nomine

209 1349 363 1422 sppellem,
381 1346 491 1414 nescio,
504 1346 579 1420 quod
597 1345 630 1402 in
644 1345 679 1404 O.
694 1345 830 1402 Marcelli
849 1348 952 1402 statie„
995 1343 1072 1417 Quin

207 1450 256 1504 est
274 1442 352 1502 hoo?
380 1450 554 1518 patronusne
576 1444 651 1518 quod
672 1440 757 1502 erati
776 1442 844 1518 quid
865 1439 948 1500 tum?
968 1459 1024 1518 qno
1043 1442 1075 1500 iul

208 1539 346 1616 spectet?
365 1546 459 1598 utrum
479 1558 516 1599 ee
536 1559 582 1599 res
603 1543 640 1598 ud
659 1557 753 1614 opem,
767 1559 805 1599 an
821 1544 858 1598 ed
877 1542 1076 1604 columitatem

210 1638 362 1699 clientium
375 1642 461 1714 etque
481 1639 626 1712 hospitum
638 1641 737 1697 velere
758 1636 903 1698 debehat?
922 1655 960 1698 nn
973 1644 1009 1705 ut
1019 1641 1077 1699 hoe

211 1737 387 1806 ostenderes,
411 1742 514 1796 contro
535 1737 598 1796 vim
621 1743 709 1806 tuom,
730 1737 762 1796 in
788 1739 915 1812 petronis
938 1738 1077 1813 prneslrlii

211 1835 288 1894 nihil
301 1833 385 1894 esee?
404 1836 467 1910 quis
481 1837 537 1894 hoc
551 1856 610 1895 non
620 1837 805 1912 intelligeret,
816 1837 848 1894 in
861 1837 984 1910 improbi
997 1853 1077 1910 proe-

125 1961 129 1968 ,
213 1934 305 1992 nentis
318 1933 438 2007 imperio
460 1937 598 2009 mojorem
619 1953 683 1995 esse
704 1935 776 2004 vim,
789 1952 873 2010 quem
887 1935 918 1992 in
938 1937 1076 1994 bonorum

214 2032 377 2089 ensentium
390 2030 572 2103 patrocinio?
591 2051 630 2090 en
643 2050 715 2090 vero
734 2052 772 2091 ex
787 2035 841 2090 hoc
855 2033 907 2090 ille
920 2037 969 2089 tus
982 2034 1076 2108 singu·

215 2127 283 2185 luris
311 2127 487 2200 significatur
515 2130 680 2198 insolentis,
707 2131 848 2204 superbie,
874 2128 1078 2190 contumacia?

215 2225 366 2282 detrahere
385 2225 526 2284 videlicet
539 2227 646 2303 aliquid
660 2229 740 2284 tede
754 2229 942 2304 amplitudine
956 2229 1079 2289 Marcel·

215 2323 307 2380 lorum
328 2325 447 2396 putasti.
467 2325 564 2398 itaque
580 2343 658 2383 nunc
679 2327 841 2385 Siculorum
866 2328 1001 2387 Marcelli
1022 2347 1080 2389 non

216 2427 284 2478 sunt
297 2422 428 2494 petroni:
450 2422 556 2479 Verres
570 2423 602 2480 in
621 2441 720 2482 eorum
735 2427 829 2484 locurn
845 2428 1013 2486 substitutus
1027 2433 1079 2486 est.

219 2520 314 2592 Quem
327 2519 359 2577 in
373 2523 403 2576 te
416 2524 527 2576 tentem
541 2521 678 2581 virtutem
698 2541 771 2592 esse,
785 2531 834 2583 aut
846 2526 1020 2601 dignitatem
1040 2545 1081 2586 sr-

218 2617 339 2676 bitmtus
359 2635 399 2684 es,
414 2623 445 2675 ut
458 2634 595 2676 conarere
608 2622 774 2680 clientelam
788 2628 847 2681 tem
859 2625 1010 2693 illustrem,
1024 2631 1083 2684 tnm

219 2716 388 2790 splendidae
410 2716 589 2790 provincine,
609 2721 793 2779 transducere
816 2724 852 2778 nd
876 2727 914 2789 te,
935 2724 1084 2781 auferres

219 2815 388 2872 certissimis
402 2817 664 2891 antiquissimisque
685 2818 834 2892 petronis?
855 2821 904 2876 'Pu
923 2822 980 2878 isto
993 2821 1086 2879 stulti·

221 2912 271 2978 tia,
294 2912 431 2985 nequitie,
452 2914 567 2983 inertie,
589 2933 648 2974 non
669 2919 754 2974 modo
774 2917 860 2975 totius
882 2919 1014 2988 Siciliae,
1034 2921 1086 2977 sed

215 3006 305 3064 unius
327 3007 489 3067 tenuissimi
509 3011 601 3069 Siculi
615 3001 787 3071 clientelam*
796 3015 869 3072 tueri
887 3014 991 3089 potes?
1013 3017 1086 3074 Tibi

222 3103 359 3164 Marcelli
371 3109 466 3162 statua
478 3125 530 3181 pro
544 3110 672 3180 patibulo
692 3110 724 3167 in
737 3112 859 3170 clientes
881 3113 1087 3172 Marcellorum

220 3199 296 3261 tuiti
316 3206 347 3260 tu
361 3220 399 3260 ex
414 3202 491 3262 illius
505 3206 613 3265 honore
624 3207 656 3265 in
669 3225 720 3267 eos
730 3209 816 3284 ipsos,
829 3213 878 3286 qui
892 3215 1032 3270 honorem
1042 3211 1086 3270 illi

236 3357 262 3424 ,ὅ
276 3357 510 3416 mimicorum.
521 3358 552 3408 R.
563 3361 591 3423 s]
622 3361 659 3408 iic
675 3361 807 3410 dedieMs.
819 3363 862 3412 Gu.
895 3366 1016 3424 Vulgatunr
1030 3365 1087 3423 pue

223 3413 317 3460 lemnon
333 3417 409 3486 habet,
441 3432 473 3486 ¹¹⁰.
487 3419 601 3468 referatur.
618 3435 659 3490 nec
673 3421 702 3491 agl
714 3422 808 3479 prooem
822 3425 899 3470 referri
914 3429 995 3494 potest,
1005 3429 1045 3471 snt
1055 3425 1091 3494 'ad

222 3470 321 3530 cosme,
330 3478 356 3520 ut
365 3479 401 3531 sit,
411 3491 441 3537 pu
457 3475 502 3522 hco
510 3484 582 3524 sumtu
600 3479 803 3530 Trndnntnnorum.
819 3497 838 3528 c.
849 3487 885 3530 42.
902 3483 958 3529 dreit
967 3483 990 3528 rd
1000 3483 1090 3544 publreo

224 3529 444 3651 {ussfflffl'm
462 3535 606 3597 deportatum
625 3551 680 3588 esse.
720 3539 753 3588 lit
771 3541 804 3588 ir·
824 3541 922 3590 membre
942 3540 1016 3588 omnia
1035 3543 1090 3588 flunt
