2486 4212
405 367 477 423 lor.
494 372 524 422 n.
540 370 638 422 LIBER
651 367 812 425 QUARTUS·
978 375 1038 436 185

174 518 320 588 virtulem,
333 523 364 576 et
376 520 451 596 quod
464 519 547 578 cives
558 517 694 586 Romani,
708 517 765 574 viri
777 516 864 574 sortes
879 531 914 574 ac
928 515 1039 574 strenui

174 621 205 674 el
213 616 327 675 honesti
339 616 474 691 permulti
487 615 518 672 in
532 615 585 672 illo
598 613 714 690 oppido,
727 613 966 688 coniunctissimo
979 613 1040 672 ani·

172 731 229 784 mo,
239 732 304 774 cnm
315 714 384 790 ipsis
396 712 597 790 Agrigentinis
606 711 713 770 vivunt
722 729 758 770 ac
768 709 965 790 negotiantur)
979 729 1039 770 non

173 813 296 870 audebat
314 811 336 844 ¹⁸
345 813 442 887 palam
455 813 567 878 tollere,
581 813 632 868 aut
644 826 773 884 poscere,
787 826 860 885 quae
874 811 1038 884 placebant.

170 908 307 968 Herculis
321 913 460 985 templum
473 915 518 965 est
531 908 608 981 apud
622 907 839 984 Agrigentinos,
852 925 912 966 non
922 909 1008 984 longe
1021 925 1040 966 a

172 1006 243 1074 loro,
256 1022 327 1064 sane
341 1011 474 1064 sanctum
487 1006 564 1077 apud
573 1005 639 1062 illos
651 1012 681 1064 et
694 1005 868 1080 religiosum.
889 1005 930 1063 ibi
943 1010 988 1064 est
1000 1023 1040 1064 ex

171 1119 239 1162 aere
249 1103 434 1161 simulacrum
447 1103 536 1177 ipsius
556 1103 700 1172 Herculia,
713 1121 770 1180 quo
782 1121 842 1162 nou
854 1103 941 1162 lacils
959 1104 1039 1180 quid·

171 1217 257 1276 quam
270 1199 395 1258 dixerim
408 1217 454 1256 me
468 1199 577 1257 vidisse
588 1201 743 1274 pulchrius,
761 1199 891 1278 (tametsi
904 1220 964 1260 nou
978 1209 1037 1262 tarn

168 1299 290 1354 multum
303 1297 333 1356 in
346 1297 410 1354 istis
430 1299 515 1354 rebus
529 1297 671 1371 intelligo,
684 1315 769 1372 quam
789 1301 878 1356 multa
892 1297 980 1376 virli)
993 1318 1038 1358 ua·

168 1411 223 1467 que
241 1411 286 1462 eo,
300 1393 425 1469 judices,
439 1399 472 1452 ut
492 1395 600 1452 rictum
614 1394 675 1467 ejus
689 1411 725 1453 ac
744 1400 872 1452 mentum
890 1398 987 1470 paullo
999 1397 1039 1455 sil

168 1492 385 1569 attritiua,quod
398 1491 429 1550 in
440 1493 573 1568 precibus
585 1498 616 1550 et
624 1493 864 1568 gratulationibus
871 1511 931 1552 nou
945 1495 1038 1553 solum

168 1588 199 1647 id
213 1590 356 1658 veneram,
376 1607 478 1648 rernm
500 1590 590 1648 etiam
610 1590 734 1648 oscrnlari
758 1593 862 1649 solent.
906 1593 956 1652 Ad
978 1593 1036 1652 hoc
1077 1629 1081 1638 ·

166 1689 314 1762 templum,
326 1705 394 1745 curn
406 1693 484 1744 esset
495 1688 551 1746 iste
563 1687 727 1763 Agrigenti,
742 1690 817 1746 duce
831 1688 1032 1762 Timarchide,

167 1789 297 1858 repenle,
323 1789 411 1842 nocte
431 1785 614 1858 intempesta,
635 1803 784 1843 servorum
810 1792 981 1845 armatorum
1002 1789 1036 1848 fit

169 1897 326 1940 concursus
339 1886 424 1960 atque
438 1882 570 1956 impelm.
613 1881 731 1940 clamor
743 1899 761 1940 a
771 1881 907 1957 vigilibus
920 1883 1037 1961 sanique

169 1980 336 2038 custodibus
349 1978 467 2037 tollitur.
488 1980 537 2054 qui
550 1979 642 2053 primo
655 1997 721 2038 cum
739 1981 879 2038 obsistere
892 1998 928 2039 ac
940 1981 1038 2042 delen·

165 2079 235 2135 ‹lere
251 2083 435 2144 conarentur,
448 2080 525 2136 male
538 2077 658 2136 mulcati
667 2079 760 2137 clavis
769 2096 805 2136 ac
814 2078 935 2138 fustibus
945 2083 1035 2158 repel-

166 2177 271 2236 luntur.
291 2183 393 2250 postea
405 2176 554 2236 convulsis
568 2177 720 2252 repagulis,
733 2177 915 2254 effractisque
929 2179 1034 2249 valvis,

166 2274 301 2332 demoliri
319 2275 442 2350 signum,
465 2292 501 2332 ac
524 2276 661 2334 vectibus
682 2275 860 2334 labefactare
883 2283 1032 2336 conautrrr.

169 2372 288 2432 Interea
298 2389 336 2429 ex
345 2375 471 2431 clamore
485 2373 630 2430 lamatota
643 2373 713 2429 urbe
730 2374 914 2446 percrebruit,
928 2392 1035 2449 expug-

168 2469 232 2528 nari
246 2469 317 2526 deos
330 2469 447 2543 patrios,
467 2487 527 2528 non
545 2469 670 2529 hostium
694 2471 823 2530 adventu
836 2489 892 2530 nac
904 2472 1033 2546 opinato,

165 2585 261 2642 neque
274 2567 427 2642 repentino
444 2569 620 2641 praedonum
633 2569 753 2642 impetu,
766 2570 818 2626 sed
837 2587 875 2627 ex
893 2571 980 2628 domo
992 2576 1033 2630 at·

165 2683 221 2740 que
234 2666 354 2724 cohorte
368 2665 520 2740 praetoria,
534 2683 651 2724 manum
664 2667 850 2740 lugitivorum
863 2668 1033 2726 inshrrclam

166 2767 363 2836 armatamque
381 2764 508 2820 venisse.
549 2765 646 2820 Nemo
661 2763 817 2838 Agrigenti
831 2781 923 2840 nequa
936 2771 1032 2824 aelate

166 2863 228 2916 tarn
249 2859 364 2929 affecta,
385 2877 479 2934 neque
496 2859 603 2918 viribus
623 2867 683 2918 tam
704 2859 898 2931 inlirrnisiuit,
911 2862 960 2939 qui
972 2882 1033 2924 uon

166 2956 221 3013 illa
241 2961 337 3025 nocte,
357 2974 395 3014 eo
407 2957 519 3026 nuntio,
534 2959 679 3016 excitatns
701 2959 865 3028 surrexerit,
879 2964 1032 3039 telumque,

162 3057 240 3131 quod
266 3054 369 3130 cuique
390 3057 447 3113 lora
468 3056 615 3127 offerebat,
634 3058 794 3132 arripuerit.
833 3060 935 3136 ltaque
949 3063 1031 3120 brevi

166 3158 295 3227 tempore
314 3154 352 3210 ad
375 3154 473 3212 lanum
497 3173 536 3212 cx
559 3158 628 3213 urbe
650 3161 711 3214 tota
724 3157 910 3216 concurritur.
951 3159 1032 3216 Hora

164 3251 287 3325 amplius
294 3251 358 3325 jam
381 3253 414 3309 in
435 3251 619 3310 demoliendo
639 3255 723 3329 signo
746 3255 881 3329 permulti
899 3255 1031 3316 homines

192 3403 214 3436 ¹⁶
226 3405 300 3461 pulcra
310 3405 391 3462 hilara,
401 3409 442 3453 aut
453 3406 557 3467 pumera]
586 3405 694 3454 Graevius
710 3421 724 3452 e
740 3405 788 3452 Ma.
804 3419 849 3465 reg.
866 3409 941 3464 pulum
947 3423 1031 3466 poscere

163 3463 293 3520 wallas,
305 3466 372 3512 utart
381 3464 435 3511 eliu
445 3465 488 3513 Gu.
520 3466 669 3521 Saneposcara
678 3465 738 3526 prius
747 3470 781 3511 eat
795 3485 828 3516 orn
843 3467 931 3513 lallare:
947 3470 1031 3526 sedpr-

170 3523 216 3568 lnra
225 3523 301 3572 melius
309 3527 413 3577 mevenit
419 3528 488 3576 verbo
495 3529 577 3586 ullae,
584 3543 744 3589 quampnrcare.
755 3535 778 3576 et
786 3523 860 3592 po'tert
866 3545 913 3579 erae
922 3530 1030 3592 nudatio.

207 3621 278 3664 rou.
299 3623 329 3666 r.
606 3609 643 3664 lb
656 3606 674 3642 ²*
