2428 4212
227 389 293 452 aas
554 378 749 430 dvm

227 531 289 610 lpse
302 531 386 599 baec,
405 545 478 608 quae
501 530 552 588 ille
578 529 698 604 quaerit,
721 542 795 604 quac
818 524 915 586 adbuc
937 543 1097 604 numquam

184 627 196 648 ²
226 630 346 692 sudbtis
365 630 597 690 commemorabo
609 632 640 685 et
658 626 809 700 proferam.
852 626 889 683 ln
911 625 1092 708 Triocalino,

224 746 311 806 quem
323 731 420 788 locum
432 726 550 802 fugitivi
567 724 654 800 uljuru
666 728 734 783 unte
754 729 917 800 tenuerant,
940 725 1092 785 Leonidas

224 829 375 904 cujusdam
397 826 491 886 Siculi
509 824 619 884 lamilia
639 823 671 882 in
701 821 899 896 suspicionem
922 828 1028 882 vocata
1045 828 1092 906 est

225 924 443 1000 coniurationis.
458 940 504 982 res
517 924 614 980 delata
626 923 664 978 sd
678 921 775 980 istum.
796 921 896 979 statim
905 916 948 996 (ut
959 936 1010 993 pur
1021 917 1094 998 tuit)

215 1022 302 1100 jussu
314 1023 375 1096 ejus
388 1021 529 1090 homiues,
541 1020 591 1096 qui
612 1019 755 1078 nominati
775 1024 868 1088 erunt,
889 1018 1092 1092 comprehensi

224 1125 300 1190 sunt,
320 1119 493 1194 adductique
514 1119 698 1194 Lilybaeum.
718 1115 837 1176 domiuo
855 1114 876 1148 ¹⁴
883 1116 1091 1190 denunciatum

193 1225 278 1301 5est‚
300 1222 333 1276 ut
353 1220 488 1276 adesset:
517 1234 606 1276 causa
628 1216 708 1276 dicta
731 1215 861 1274 damnati
883 1220 961 1274 sunt.
1013 1215 1092 1288 Quid

223 1315 352 1378 deinde?
372 1303 440 1394 q'uid
453 1313 602 1376 censetis?
623 1316 744 1374 Furtum
757 1315 877 1374 tortusue
889 1318 939 1375 aut
952 1315 1090 1389 praedam

223 1415 400 1490 exspectatis
434 1414 568 1490 aliquam.
631 1413 732 1470 Nolite
759 1429 961 1490 usquequaque
988 1413 1091 1472 eadem

222 1531 368 1588 quaerere.
390 1513 425 1570 ln
439 1516 518 1570 metu
533 1511 611 1578 belli,
621 1511 734 1568 iurandi
746 1511 796 1586 qui
806 1514 886 1568 locus
900 1515 996 1585 potest
1006 1503 1096 1594 essa?

222 1609 311 1666 etiam
324 1609 351 1666 si
363 1625 418 1684 qua
431 1607 485 1665 luit
498 1608 528 1665 in
548 1610 604 1666 hac
623 1627 654 1664 rc
675 1609 802 1676 occasio,
814 1609 1016 1682 praetermissa
1036 1611 1089 1666 esi.

223 1707 303 1764 Tum
323 1706 454 1780 potuita
478 1706 612 1766 Leonida
633 1722 813 1765 nummorum
837 1705 945 1782 aliquid
970 1706 1090 1778 auterre,

221 1822 287 1864 cum
301 1805 495 1874 denuntiavit,
518 1810 549 1862 ut
571 1807 694 1878 adesset.
714 1804 768 1864 luit
792 1804 965 1864 nundinatio
983 1806 1089 1882 aliqua,
1199 1833 1200 1860 ι

221 1909 252 1962 et
265 1903 315 1961 isti
338 1922 397 1962 non
419 1921 506 1971 nova,
526 1901 595 1963 ¹⁵ne
623 1921 741 1962 causum
764 1903 885 1962 diceret.
906 1903 996 1962 ctiam
1017 1886 1089 1964 alter

221 2005 310 2070 locus,
334 2009 366 2058 nt
389 2005 615 2072 absolverentur.
668 2001 823 2062 Damnatis
847 2001 963 2078 quidem
986 2003 1089 2074 servis,

218 2116 292 2174 quae
306 2098 463 2170 praedandi
477 2103 648 2172 potestesse
662 2097 758 2158 ratio?
779 2100 898 2174 produci
922 2102 961 2158 ad
982 2101 1088 2175 suppli·

219 2195 298 2254 oium
312 2213 431 2254 necesse
446 2200 499 2252 est.
519 2201 609 2254 testes
629 2196 708 2255 enim
732 2204 808 2266 sunt,
833 2199 883 2274 qui
909 2197 940 2255 in
962 2199 1088 2284 consilio

219 2293 351 2354 luerunt:
373 2300 470 2363 testes,
485 2296 618 2368 publicae
632 2298 763 2354 tabulae:
785 2297 876 2364 testis,
890 2297 1088 2370 splendidissi-
1198 2305 1199 2310 ’

219 2412 267 2454 rna
280 2394 387 2453 civitas
407 2391 619 2467 Lilybaetana:
640 2395 732 2464 testis,
753 2395 971 2454 honestissimus
995 2395 1088 2471 mani-

217 2510 336 2568 musque
349 2497 511 2550 conventus
525 2492 636 2550 civium
650 2493 855 2552 Romanorum.
877 2493 952 2555 nibil
972 2498 1085 2568 potest:

216 2589 393 2665 producendi
419 2590 611 2666 annuiturque
637 2593 839 2664 producuntur,
867 2598 898 2648 et
921 2592 957 2649 ad
986 2594 1085 2666 palum

216 2689 379 2763 alligantur.
421 2688 519 2748 Etiam
539 2708 617 2748 nunc
641 2689 712 2748 mihi
735 2695 907 2764 exspectare
931 2691 1086 2767 videmini,

209 2787 335 2862 judices,
362 2787 430 2861 quid
457 2789 563 2846 deinde
589 2789 695 2846 luctum
722 2788 780 2846 sit:
814 2790 890 2864 quod
925 2789 981 2846 istc
1009 2789 1085 2848 nibil

211 2902 349 2959 umquam
362 2883 432 2940 lecit
444 2885 508 2942 sice
519 2887 616 2960 aliquo
628 2892 748 2962 quaestu
761 2891 848 2961 atque
857 2889 972 2960 praeda.
1004 2887 1084 2960 Quid

215 2983 246 3042 in
259 2980 399 3054 ejusmodi
420 2999 450 3038 re
474 2983 536 3040 fieri
560 2983 678 3057 potuit?
707 2987 782 3060 quod
806 2986 990 3044 commodum
1013 2981 1084 3044 esti

215 3079 393 3153 Exspectate
407 3077 527 3147 lacinus,
547 3099 632 3156 quarn
650 3083 738 3141 vultis
762 3083 941 3156 improbum:
962 3082 1084 3142 vincam

243 3231 265 3270 ¹³
274 3233 326 3294 jum
338 3237 389 3281 uerte
398 3235 537 3294 totamm]
568 3233 713 3283 scribendum
722 3235 770 3284 sine
777 3236 845 3284 dubio
854 3241 977 3285 acuent.

236 3312 264 3382 '¹⁴
278 3313 374 3358 domne.
386 3309 460 3384 estut
469 3313 577 3418 “md
599 3313 709 3362 Graevius
724 3315 844 3362 delevitul
858 3316 946 3369 adcuct.
956 3313 1086 3388 auctosiln

213 3369 349 3416 tnbusMss.
367 3371 446 3432 qurbus
455 3373 543 3418 socedrt
568 3385 602 3418 ru.
633 3374 748 3435 Etpotcst
761 3374 846 3420 abens.
877 3375 922 3420 aad
938 3389 990 3436 quta
1005 3374 1085 3436 puulb

213 3431 264 3488 port
273 3427 371 3484 additum,
380 3429 530 3478 nonimitutus
538 3445 586 3478 sum
596 3449 602 3477 ε
618 3445 750 3493 quamquam
759 3432 790 3479 ibi
800 3432 877 3494 paullo
885 3433 999 3479 nliterest.

232 3503 263 3575 ‘¹⁸
276 3515 306 3550 ns
319 3515 338 3548 t.
355 3505 437 3553 diceret
449 3533 480 3542 -·
498 3507 682 3582 cbmlqcrcvrturl
718 3509 828 3582 (imerius
844 3525 858 3556 e
874 3510 921 3581 Ms.
939 3511 996 3570 neg.
1016 3509 1085 3581 malit

212 3561 319 3614 ml,
329 3565 355 3606 ut
363 3571 388 3611 et
397 3579 420 3612 ιιι
429 3565 472 3613 (in.
485 3570 528 3636 est,
538 3581 589 3628 qura
601 3569 694 3628 plurabs
710 3573 815 3630 seqnitur.
847 3571 882 3617 As
889 3571 969 3616 duceret

210 3615 900 3728 ffiffffiuummonumanunuumuuu
1003 3626 1087 3688 μὶ*
