2486 4212
211 347 271 409 ιη
549 339 742 393 lurconum

208 495 269 550 lum
280 495 340 549 eat:
359 490 523 568 omniaque,
538 507 614 567 quae
638 490 811 548 ornamento
834 482 902 543 urbi
925 497 991 541 ease
1010 499 1076 556 pos-

207 594 282 658 sent,
296 589 509 666 Karthaginem
520 595 588 650 aunt
601 605 638 647 ex
653 589 706 646 illo
719 590 786 646 loco
796 585 961 659 deportata.
1003 581 1074 640 Fuit

206 690 281 762 apud
293 690 472 763 Segestanos
495 707 534 748 err
553 705 621 747 aere
642 687 827 746 simulacrum
855 681 982 749 Dianae,
1006 696 1074 738 cum

206 803 316 848 summa
329 794 414 864 atque
428 789 629 864 antiquissima
653 787 814 861 praeditum
837 782 988 858 religione,
1011 786 1076 838 tum

164 919 174 933 ·
206 885 345 962 singulari
365 905 452 962 opere
466 885 644 961 artificioque
657 885 826 959 ¹perlectum.
868 883 935 940 Hoc
955 881 1075 938 banala-

206 988 268 1043 tum
276 985 494 1060 Karthaginem,
504 988 600 1043 locum
611 990 723 1042 tantum
732 982 920 1056 hominesque
931 982 1072 1037 mutarat:

206 1084 380 1157 religionem
391 1084 506 1158 quidem
519 1083 672 1156 pristinam
690 1082 892 1139 conservabat.
913 1093 1075 1151 namprop·

206 1186 251 1239 ter
263 1181 402 1240 eximiam
426 1181 683 1256 pulchritudinem,
710 1179 799 1238 etism
823 1177 953 1235 hostibus
975 1177 1075 1250 digna,

207 1295 295 1354 quarn
305 1279 489 1338 sanctissime
503 1280 645 1346 colerent,
665 1277 828 1336 videbatur.
869 1273 992 1348 Aliquot
1014 1291 1075 1332 sae-

207 1377 280 1435 culis
294 1383 368 1452 post,
383 1378 417 1435 Ρ.
436 1377 537 1450 Scipio
547 1377 625 1434 bello
640 1376 752 1434 Punico
766 1374 851 1432 tertio
865 1374 1074 1448 Karthaginem

207 1477 301 1549 oepit:
323 1494 378 1551 qua
399 1476 431 1533 in
451 1475 576 1534 victoria
598 1471 712 1550 (videte
735 1473 860 1531 bominis
883 1473 1021 1530 virtutem
1043 1477 1074 1530 et

207 1573 398 1646 diligentiam,
413 1579 445 1631 ut
458 1577 488 1630 et
502 1572 670 1630 domesticis
689 1571 936 1646 praeclarissimae
959 1571 1075 1631 virtutis

207 1671 352 1744 exemplis
366 1671 524 1747 gaudeatis,
538 1673 569 1729 et
581 1687 618 1728 eo
631 1670 739 1743 mucre
758 1671 827 1728 odio
849 1669 968 1744 dignam
991 1670 1074 1728 iatius

207 1769 412 1830 incredibilem
425 1771 575 1830 audaciam
593 1765 749 1846 judicetis)
772 1749 944 1826 convocatis
968 1769 1076 1826 Siculis

207 1870 350 1939 omnibus,
362 1871 438 1946 quod
451 1870 611 1928 diutissime
624 1867 849 1944 saepissimeque
861 1866 994 1926 Siciliam
1003 1885 1075 1926 vex·

194 1973 286 2026 atam
300 1985 317 2025 a
331 1968 624 2042 Karthaginiensibus
646 1965 886 2040 cognoratjubet
899 1966 998 2024 omnia
1007 1983 1076 2025 con·

208 2065 299 2140 quiri:
320 2067 482 2138 pollicetur,
495 2065 552 2122 sibi
577 2081 700 2138 magnae
725 2081 810 2122 aurae
832 2065 903 2133 iore,
923 2069 956 2122 ut
978 2065 1078 2123 omnia

207 2162 385 2232 civitatibus,
411 2179 484 2236 quae
509 2163 648 2238 curjusque
683 2161 815 2232 luissent,
848 2163 1076 2222 restituerentur.

209 2261 289 2320 'I'um
316 2261 378 2330 illa,
397 2277 473 2337 quae
493 2262 637 2336 quondam
664 2260 780 2319 inerant
812 2261 933 2320 Himera
953 2265 1077 2331 sublata,

207 2361 244 2418 de
273 2360 375 2437 quibus
400 2367 487 2418 autea
514 2359 588 2427 dixi,
609 2359 813 2416 Thermitanis
843 2365 911 2418 sunt
941 2361 1075 2418 reddita:

209 2465 269 2517 lum
295 2458 355 2516 alia
382 2457 568 2525 Gelensibus,
588 2458 648 2514 alis
671 2458 894 2534 Agrigentinis:
922 2458 1078 2534 inquibus

208 2555 298 2614 etiam
310 2555 362 2615 ille
375 2556 480 2615 nobilis
495 2561 599 2623 murus,
613 2573 698 2630 quem
711 2557 925 2615 crudelissimus
945 2559 1076 2616 omnium

207 2661 395 2731 tyrannorum
415 2655 545 2714 Phalaris
558 2655 693 2712 habuisse
707 2655 821 2722 dicibrr,
834 2673 891 2730 quo
902 2657 998 2726 vivos,
1011 2673 1076 2732 sup-

208 2757 397 2831 phelloenses,
411 2755 562 2813 demittere
576 2755 717 2822 homines,
731 2759 761 2810 et
774 2754 916 2827 subjicere
930 2756 1076 2814 flammam

208 2856 328 2911 solebat.
349 2869 434 2927 quem
448 2858 557 2910 taurum
571 2852 751 2926 Scipionum
765 2853 898 2910 redderet
909 2853 1077 2929 Agrigenti-

208 2948 264 3016 nisi,
273 2949 381 3006 dixisse
394 2949 515 3006 dicitur:
535 2965 657 3023 aequum
671 2965 734 3006 esse
748 2950 813 3008 illos
828 2951 966 3026 cogitare,
980 2959 1074 3010 utrum

208 3052 286 3105 esset
300 3045 406 3106 Siculis
421 3045 528 3113 utilius,
538 3033 635 3104 suisne
649 3047 768 3116 servire,
779 3067 816 3107 an
828 3052 934 3124 populo
942 3051 1076 3110 Romano

208 3146 404 3218 obtemperare
417 3163 425 3212 3
446 3159 512 3200 cum
526 3143 604 3201 idem
618 3151 834 3206 monumentum
848 3153 879 3206 et
897 3150 1083 3220 domesticae¹

156 3233 386 3304 &crudelitatis
400 3247 430 3300 et
451 3248 566 3302 nostroe
579 3245 807 3304 mansuetudinis
827 3247 976 3306 haberent
1018 3249 1076 3307 lllo

194 3345 336 3417 ,tempore
349 3342 515 3417 Segestanis
523 3341 649 3400 manime
657 3359 724 3416 cum
732 3361 801 3401 cura
811 3345 884 3402 haec
893 3345 956 3418 ipsa
966 3346 1075 3414 Diona,

208 3439 245 3498 de
269 3457 324 3514 qua
347 3441 479 3508 dicimus,
493 3441 637 3498 redditura
669 3447 829 3516 reportatur
854 3444 1024 3518 Segestam:
1043 3445 1076 3502 in

209 3536 267 3598 sois
280 3535 403 3610 antiquis
424 3538 539 3597 sedibus
553 3556 743 3600 summanum
757 3541 948 3616 gratulatione
962 3543 1077 3602 civium
