2428 4212
361 347 433 398 AC'I'.
450 347 480 396 ll.
496 345 594 395 mann
609 345 760 398 obtusus.
933 351 999 411 253

125 495 244 552 recruie.
285 495 370 567 Quod
383 495 433 552 nbi
446 495 496 552 isti
506 495 671 552 nuntiatum
681 497 747 564 'est3
762 492 878 552 tametsi
891 493 923 551 in
931 498 999 552 acts

128 609 195 650 oum
217 593 392 651 mulierculis
407 594 526 667 joeebot
545 585 650 661 ebrius,
670 595 766 652 erexit
789 611 821 650 se
846 599 954 661 tamen,
968 597 999 649 et

131 692 227 750 stetim
241 693 384 768 quaestori
399 695 550 768 legatoque
563 709 615 750 suo
634 694 767 750 custodes
781 691 859 750 misit
872 693 999 764 complu-

132 807 186 858 res,
200 795 232 848 ut
244 791 342 848 omnia
355 791 412 850 sibi
424 792 537 866 integra
551 809 636 866 quam
648 791 772 866 primum
784 789 998 848 exhiberentur.

133 889 299 963 Appellitur
318 869 409 947 navis
419 892 596 963 Syracusas:
618 895 805 964 exspectatur
817 891 854 947 ab
868 887 1000 946 omnibus

129 985 148 1018 ¹¹
158 989 332 1062 supplicium
351 990 388 1045 de
409 989 545 1061 captivis.
586 989 656 1058 Iste,
670 988 750 1064 quusi
764 989 870 1063 praeda
884 987 940 1044 sibi
952 987 1001 1044 ad·

133 1093 230 1154 vecta,
243 1105 302 1143 non
324 1085 517 1160 praedonibus
537 1089 646 1162 captim
666 1089 692 1146 ai
713 1089 763 1163 qui
784 1105 869 1146 senes
889 1090 939 1144 aut
951 1088 1003 1144 de·

131 1185 236 1242 lormes
250 1189 341 1252 erant,
350 1201 401 1242 eos
415 1185 446 1242 in
457 1185 582 1243 boatium
592 1203 711 1244 numero
721 1187 819 1244 ducit:
834 1185 882 1261 qui
892 1185 1000 1261 aliquid

132 1283 249 1352 termae,
262 1285 375 1352 aetatis,
389 1284 559 1360 artificiique
576 1287 731 1353 hebebant,
751 1285 870 1342 abducit
892 1303 1001 1352 omnes,

131 1385 288 1440 nonnullos
309 1383 413 1440 scribis
435 1383 504 1451 suis,
529 1384 590 1442 filio
613 1382 635 1415 ⁸²
647 1384 815 1458 cohortique
840 1383 1001 1440 distribuit:

130 1479 385 1558 ¹³symphoniacos
407 1481 540 1542 homines
560 1501 614 1542 sex
635 1483 752 1541 cuidam
771 1481 932 1540 amicosne
946 1482 1003 1538 Ro·

131 1597 210 1638 mam
233 1583 345 1640 muneri
368 1583 455 1640 misit.
478 1601 536 1641 nox
558 1585 611 1641 illu
631 1587 693 1640 tota
712 1567 910 1638 exinaniunda
931 1577 1003 1636 navi

133 1679 319 1738 consumitur.
361 1681 577 1754 Archipiratam
589 1681 683 1754 ipsum
696 1679 779 1737 videt
791 1693 887 1745 nemo,
899 1679 1004 1752 dequo

133 1777 307 1851 supplicium
332 1779 408 1837 sumi
429 1779 563 1852 oportuit.
584 1778 726 1852 hodieque
748 1793 850 1834 omnes
869 1773 941 1832 “sic
955 1776 1004 1831 ba·

132 1879 206 1933 bent
219 1893 394 1950 persuasum,
407 1873 489 1953 (quid
503 1877 564 1950 ejus
577 1877 623 1944 sit,
638 1893 692 1932 vos
705 1875 875 1948 conjectura
892 1889 1004 1947 qnoque

133 1975 251 2050 assequi
260 1973 396 2053 debetis)
415 1975 502 2032 istum
523 1978 599 2032 olom
613 1991 632 2033 a
649 1973 748 2049 piratis
769 1975 807 2030 ob
820 1973 899 2029 muno
912 1969 1004 2028 archi·

129 2071 255 2148 piratam
275 2075 430 2147 pecuniam
451 2073 611 2148 accepisse.
653 2073 830 2148 conjectura
852 2071 929 2128 bona
949 2062 1055 2128 etto

129 2172 232 2229 Judex
246 2189 309 2228 ease
323 2174 414 2230 bonus
435 2189 523 2230 nemo
545 2177 650 2246 potest,
664 2172 713 2246 qui
736 2169 901 2243 suspicione
923 2173 1005 2227 carta

129 2287 193 2328 non
213 2274 353 2326 movetur.
395 2270 553 2327 Hominem
576 2271 689 2335 nostia3
709 2269 1004 2342 consuetudinemque

130 2367 264 2426 omnium
277 2366 401 2423 tenetis:
423 2367 472 2441 qui
489 2368 593 2426 (lucem
612 2369 788 2440 praedonum
808 2373 858 2423 aut
878 2366 1028 2424 bostium*

129 2464 254 2538 ceperit,
264 2483 349 2540 quam
363 2465 490 2523 libenter
502 2483 567 2523 eum
579 2468 674 2540 palam
685 2471 756 2524 ante
769 2467 868 2523 oculos
875 2464 1006 2522 omnium

127 2581 197 2620 esse
211 2563 343 2637 patiatur.
385 2565 542 2622 Hominem
556 2565 588 2622 in
602 2569 683 2622 tanto
689 2569 840 2622 conventu
852 2563 1005 2637 Syracusio

127 2659 197 2719 vidi
220 2662 377 2731 neminem,
392 2663 518 2736 judices,
538 2662 587 2737 qni
610 2662 814 2734 archipiratam
832 2668 949 2734 captum
962 2660 1006 2717 vi-

134 2849 138 2854 .
161 2813 327 2872 ⁸¹soppttctom
345 2815 404 2862 sumi
420 2816 447 2862 de
463 2816 553 2874 captivit
566 2814 679 2875 potatum]
710 2815 733 2862 A
750 2813 797 2861 Ma.
808 2815 865 2874 aeg.
875 2811 1006 2860 abertsoe

123 2877 233 2932 patemo.
245 2877 313 2918 reete.
324 2871 372 2919 Ma.
384 2872 428 2919 (lu.
439 2887 495 2934 ceap.
506 2889 527 2920 o.
535 2889 553 2920 o.
565 2874 707 2931 mnodum.
717 2873 765 2929 iate,
775 2877 818 2919 etr„

162 2951 185 2984 ὓ
200 2949 332 3010 cohortique]
348 2963 392 2996 non
402 2951 538 3012 praetoriae,
563 2965 606 2998 uae
617 2967 658 3013 pro
674 2951 806 3008 riedicitrrr,
816 2956 842 2998 ut
851 2951 1007 2998 Hotomanuua

132 3007 307 3072 interpretatio,
317 3009 357 3056 aed
367 3010 394 3066 ei,
402 3024 467 3071 quam
475 2965 635 3074 saepefficim
673 3026 707 3070 oo,
716 3011 826 3074 praeconi,
835 3009 956 3065 lictoribus,
962 3013 1005 3054 etc.

157 3089 182 3122 ⁸³
197 3088 359 3146 eymalam
367 3088 481 3150 omnim]
504 3089 614 3138 Homines
623 3089 679 3136 bene
689 3089 787 3137 restituit
793 3087 909 3142 Graevius,
918 3086 977 3147 quod
983 3088 1008 3132 et

125 3145 192 3196 Mn.
202 3155 226 3194 et
234 3147 286 3194 edd.
295 3162 332 3216 pr.
343 3147 434 3194 habent
464 3149 547 3196 Omisit
564 3149 646 3210 primus
661 3149 687 3196 P.
703 3149 796 3198 Manat.
807 3148 843 3194 ed.
863 3149 925 3194 1540.
941 3157 1008 3204 qum

125 3207 193 3254 Rob.
204 3207 280 3266 Stepb.
294 3221 317 3252 ιιι
332 3206 369 3252 ed.
380 3221 423 3252 see.
436 3206 499 3254 1543.
512 3213 574 3266 tuam
593 3207 665 3268 prima
682 3211 744 3254 1⁵39.
755 3206 833 3265 babet)
845 3205 927 3266 aliique
938 3199 1008 3248 secuti

123 3270 192 3313 ml.
206 3263 277 3311 Abeet
284 3269 360 3312 tamm
370 3265 418 3312 Ma.
428 3264 472 3312 Gu.

159 3343 183 3376 ⁸⁴
197 3343 323 3392 colom
338 3343 487 3404 mmmm]
528 3337 1005 3402 streuuvetteomenmmqundltob

118 3401 209 3460 Stepb.
220 3401 255 3446 ed.
266 3403 288 3446 2.
300 3401 338 3462 qui
354 3416 486 3458 pomorum
495 3401 578 3461 omisit,
588 3403 662 3450 nescio
674 3415 718 3462 quo
727 3404 825 3446 auctore.
837 3403 862 3444 at
870 3399 933 3446 abest
944 3395 1003 3446 Mes.

121 3457 242 3524 pluribus,
261 3460 320 3506 unde
339 3461 424 3508 delevit
442 3461 561 3508 Graevius.
593 3463 652 3508 Sane
659 3461 738 3506 loten
746 3457 849 3515 occinit,
859 3472 901 3527 gro
908 3459 1006 3512 eredere,

120 3517 288 3624 opium
295 3517 351 3566 mibi
360 3524 436 3567 tamen
447 3521 470 3568 h.
482 3520 498 3568 l.
510 3521 587 3569 dmiua
595 3519 690 3567 videtur.
706 3518 784 3580 itaque
792 3515 876 3564 imitere
884 3515 1007 3564 timerium

117 3591 175 3626 non
270 3593 285 3624 ι.

173 3674 243 3716 von.
257 3675 288 3716 v.
555 3663 593 3717 22
