2438 4206
247 375 288 433 82
576 364 770 416 ravennam

244 513 415 593 cogitatum]
432 515 504 590 jam,
518 519 558 584 et,
579 519 608 573 te
622 518 763 590 praetore,
781 512 934 586 jactatum,
948 509 979 563 et
997 522 1058 563 non
1076 505 1114 562 ab

232 615 371 674 inimicis
382 615 493 673 Romae
504 615 703 690 compositum,
714 611 766 669 sed
777 608 946 669 Romamde
957 603 1112 680 provincia

243 714 433 787 deportatum.
488 713 581 772 Simul
608 711 734 786 intelligi
757 712 853 785 potest
873 706 946 764 illud
969 703 1052 761 istius
1079 702 1109 760 in

244 814 408 888 Apronium
430 814 564 883 studium,
589 811 714 890 Apronii
727 813 764 869 de
784 811 841 868 isto
862 825 923 866 non
943 807 1031 864 modo
1044 820 1110 861 eon·

241 913 338 982 sessio,
356 931 457 971 verum
471 913 559 970 etiam
572 909 816 968 commemoratio.
857 908 971 964 Eodem
984 901 1109 970 accedit,

243 1012 318 1085 qdod
336 1013 392 1068 hoo
406 1027 517 1086 quoque
531 1009 695 1084 intelligere
709 1007 838 1082 potestis,
858 1007 946 1068 istum
966 991 1110 1069 statuisse,

242 1109 274 1165 in
293 1110 445 1183 provincia
460 1127 511 1166 sua
525 1107 749 1166 existimationis
770 1123 838 1164 suae
857 1103 1011 1178 judicium,
1025 1107 1108 1158 extra

242 1200 390 1266 cohortem
404 1226 493 1278 suam,
505 1207 744 1266 committendum
757 1206 844 1262 luisse
858 1201 979 1262 nemini.

190 1313 231 1372 62
281 1299 389 1382 Ecquis
411 1311 455 1364 est
462 1308 567 1382 judex,
588 1307 636 1364 cui
657 1324 715 1364 non
730 1307 766 1362 ab
780 1303 865 1362 initio
885 1299 1040 1360 decumani
1053 1299 1106 1356 cri·

241 1405 329 1464 minis
343 1424 508 1480 persuasum
521 1407 568 1473 sit,
581 1405 669 1463 istum
681 1406 713 1462 in
727 1408 869 1461 aratorum
881 1403 957 1458 bons
970 1400 1108 1457 fortunas·

241 1523 296 1579 que
309 1505 450 1577 impetum
458 1503 561 1560 secisse
573 1500 585 1560 i
604 1503 666 1576 quis
680 1505 736 1560 hoc
750 1520 810 1560 non
824 1520 862 1558 ex
877 1518 914 1558 eo
926 1499 1024 1556 statim
1032 1495 1108 1570 judi·

240 1601 330 1669 eavit‚
351 1603 427 1674 quod
441 1601 566 1668 ostendi,
587 1600 674 1659 istum
687 1602 823 1659 decumas
836 1616 915 1657 nova
927 1601 1003 1672 lege,
1014 1601 1109 1672 'atque

240 1700 315 1757 adeo
328 1701 407 1758 nulla
419 1700 494 1772 lege,
508 1709 611 1758 contra
623 1699 751 1757 omnium
767 1697 1007 1756 consuetudinem
1021 1701 1107 1771 atque

239 1797 371 1855 instituta
385 1797 574 1857 vendidisse?
593 1799 714 1868 Verum,
726 1803 759 1856 ut
771 1799 841 1856 istos
855 1816 910 1872 ego
919 1797 1033 1872 judices
1047 1802 1106 1854 tam

239 1892 366 1966 severos,
385 1903 446 1956 tam
458 1898 624 1972 diligentes,
642 1903 701 1955 tam
715 1897 864 1972 religiosos
877 1912 936 1954 non
950 1897 1105 1954 haberem:

227 1998 338 2073 ecquis
363 2001 416 2066 est,
435 2016 474 2054 ex
497 1997 665 2074 injuriarum
688 1997 896 2070 magnitudine,
922 1995 1106 2070 improbitate

238 2095 427 2161 decretorum,
440 2094 615 2166 judiciorum
635 2094 796 2169 iniquitate,
817 2095 866 2168 qui
886 2095 942 2151 hoo
957 2111 1015 2151 non
1031 2094 1106 2168 jam-

238 2192 345 2249 dudum
364 2191 495 2250 statuerit
514 2197 545 2249 et
557 2191 719 2266 judicarit?
743 2194 841 2251 Etiam
855 2211 925 2250 sane
943 2196 982 2249 sit
1002 2193 1106 2268 aliquis

226 2285 1104 2366 jdissolutiorinjudicando,legum,officii,reipublicaesocio

237 2392 398 2463 rum,atque
409 2389 566 2446 amicorum
577 2389 781 2464 negligentior:
791 2389 877 2464 quid?
890 2391 916 2446 is
927 2391 1057 2465 possitne
1068 2392 1105 2448 de

236 2485 319 2543 istius
332 2487 516 2560 improbitate
529 2488 669 2554 dubitare,
682 2505 749 2545 eum
759 2493 841 2548 lanta
854 2491 934 2546 lucra
944 2489 1029 2558 lacta,
1044 2493 1105 2546 tam

235 2584 349 2659 iniquas
371 2585 531 2658 pactiones,
550 2585 582 2642 vi
596 2591 626 2643 et
640 2591 718 2643 metu
737 2605 887 2661 expressas
909 2585 1106 2662 cognoverit?

235 2701 302 2742 cum
315 2689 396 2742 tanta
410 2685 538 2759 praemia
551 2685 697 2754 civitates,
711 2685 744 2742 vi
758 2690 843 2760 atque
863 2686 994 2768 imperio,
1008 2686 1104 2760 virga·

234 2802 297 2841 rum
315 2802 350 2840 uc
364 2784 462 2841 mortis
484 2788 571 2852 metu,
592 2801 651 2841 non
668 2785 753 2840 modo
778 2784 911 2856 Apronio
937 2789 1023 2859 atque
1040 2784 1103 2858 dus

233 2881 384 2948 similibus,
404 2881 607 2938 verumetiam
620 2881 758 2940 Veneriis
779 2883 870 2939 servis
891 2885 960 2940 dare
974 2887 1103 2940 coactas.

198 3041 204 3050 „
235 2978 348 3049 Quodsi
357 2977 423 3051 quis
437 2979 577 3034 sociorum
593 2978 783 3036 incommodis
805 2980 900 3038 minus
914 2987 1063 3052 movetur3
1079 2981 1105 3040 si

233 3091 319 3150 quem
339 3087 481 3133 aratorum
496 3076 588 3148 sugas,
602 3075 791 3146 calamitates,
811 3078 924 3148 exsilia,
944 3080 1105 3154 suspendia

233 3172 359 3250 denique
378 3190 438 3233 non
451 3178 637 3247 permovent:
659 3193 719 3232 non
733 3194 847 3250 possum
869 3178 1009 3246 dubitare,
1030 3179 1103 3254 quin

232 3272 258 3329 is
276 3277 383 3340 tamem
404 3289 470 3330 oum
493 3278 636 3334 vastatam
653 3273 795 3344 Siciliam,
816 3277 933 3334 relictos
950 3293 1043 3350 agros,
1064 3295 1106 3334 ex

232 3370 387 3429 civitatum
405 3371 517 3440 litteris,
540 3377 570 3429 et
592 3371 715 3448 epistola
730 3376 766 3434 L.
782 3373 898 3432 Metelli
919 3374 1105 3449 cognoverit,

234 3471 351 3536 statuat,
371 3469 434 3526 fieri
453 3487 511 3526 non
530 3487 623 3544 posse,
647 3477 679 3529 ut
702 3473 739 3528 de
752 3471 810 3530 isto
834 3491 894 3530 non
917 3473 1106 3532 severissime

228 3565 387 3642 judicetur.
427 3567 493 3628 Erit
506 3567 595 3632 etiam
610 3569 723 3646 ali-quis,
745 3572 794 3647 qui
813 3573 887 3632 baec
911 3572 1010 3634 omnia
1022 3573 1108 3632 dissi·
