2428 4212
378 326 450 373 ACT.
467 327 497 374 ll.
512 324 609 374 LIBER
624 325 773 378 duranda.
942 330 1003 388 255

139 470 232 528 classe
245 473 343 547 populi
365 473 490 532 Romani
511 473 703 548 pulcherrima
717 473 831 540 amissa,
843 471 1006 547 provincia·

140 587 195 642 que
220 573 355 641 lacerata,
377 574 534 647 triumphus
565 573 680 630 navalis
711 573 764 629 tibi
795 573 1006 629 decerneretur.

142 669 210 741 Age
233 687 324 742 porro,
338 672 475 730 custodiri
498 673 603 728 ducem
625 673 801 744 praedonum
821 688 900 728 novo
918 680 1058 744 morem

141 785 226 840 quam
250 771 344 830 securi
366 771 444 828 feriri
466 771 595 828 omnium
617 773 753 844 exemplo
778 769 869 844 magis
890 768 1007 841 placuit.

141 865 224 936 Quae
237 873 304 926 sunt
317 869 390 926 istae
401 869 574 928 custodiae?
594 871 670 942 apud
684 887 754 943 quos
768 865 923 926 homines?
943 885 1009 942 que·

137 967 323 1024 madmodum
337 973 382 1023 est
394 966 580 1024 asservatus?
598 966 799 1042 &Lautumias
811 967 1009 1039 Syracusanas

137 1079 241 1120 omnes
264 1065 400 1121 audistis:
433 1065 560 1139 plerique
584 1066 683 1123 nostis.
724 1067 805 1139 Opus
826 1069 871 1121 est
897 1065 1010 1137 ingens,

136 1161 334 1234 magnificum,
349 1181 448 1238 regum
462 1181 497 1220 ac
512 1169 707 1236 tyrannorum.
722 1170 814 1222 totum
828 1170 873 1220 est
886 1181 923 1219 ex
938 1179 1011 1218 saxo

137 1259 172 1317 ir
186 1260 347 1319 mirandam
361 1260 544 1330 altitudinem
556 1262 701 1334 depresso,
710 1268 741 1318 et
751 1264 903 1318 multorum
916 1259 1011 1334 operis

137 1357 257 1432 penitus
271 1359 381 1416 exciso.
403 1359 474 1416 nihil
490 1366 551 1416 tam
561 1362 690 1417 clausum
704 1360 741 1416 ad
752 1358 939 1432 exitus,uihil
954 1365 1013 1414 tarn

136 1462 253 1530 septum
267 1459 402 1534 undique,
423 1459 497 1516 nibil
520 1463 580 1515 tam
604 1463 696 1516 tutum
720 1459 756 1515 ad
780 1457 936 1523 custodias,
957 1473 1013 1515 nec

136 1555 212 1624 lieri,
227 1557 411 1631 necaogitari
425 1561 529 1631 potest.
551 1558 587 1614 ln
602 1557 654 1614 has
671 1556 833 1621 lautumias,
847 1555 930 1629 siqui
945 1556 1014 1628 pub-

138 1653 200 1710 lice
212 1655 394 1712 custodiendi
402 1662 477 1724 sunt,
491 1657 580 1715 etiam
591 1675 629 1712 ex
643 1656 748 1713 ceteris
763 1655 876 1727 oppidis
892 1654 1013 1711 Siciliae

138 1751 249 1808 deduci
269 1753 453 1825 imperantur.
494 1755 540 1810 Eo
562 1756 638 1827 quod
657 1755 761 1810 multos
786 1751 918 1825 captivos
932 1752 1015 1808 cives

140 1850 293 1908 Romanos
318 1851 493 1924 conjecerat,
507 1855 537 1908 et
556 1853 631 1924 quod
652 1853 755 1908 eodem
779 1856 892 1906 ceteros
909 1850 1016 1923 piratas

141 1949 280 2006 contrudi
305 1947 476 2024 imperarat3
507 1949 666 2016 intellexit,
689 1949 715 2005 si
739 1950 816 2005 bunc
831 1947 1016 2005 subditicium

137 2048 347 2120 archipiratam
361 2047 392 2104 in
406 2049 529 2105 eandem
550 2047 711 2105 custodiam
723 2047 860 2114 dedisset,
874 2047 944 2113 lore,
951 2051 984 2103 ut
995 2064 1015 2102 a

134 2146 250 2214 multis,
262 2147 322 2204 illis
336 2146 366 2202 in
380 2146 536 2213 lautumiis,
549 2145 570 2177 ⁸¹
581 2164 666 2202 verus
681 2145 732 2203 ille
746 2147 805 2202 dux
820 2151 1012 2220 quaereretur.

132 2248 242 2320 ltaque
263 2245 412 2302 hominem
434 2245 501 2300 huic
526 2244 655 2316 optimae
678 2243 895 2318 tutissimaeque
920 2248 1013 2300 custo

131 2345 206 2402 diae
222 2361 279 2398 non
302 2343 388 2398 audet
407 2342 597 2399 committere.
618 2342 742 2416 denique
764 2343 923 2415 Syracusas
939 2347 1013 2398 totas

134 2443 246 2501 timet:
268 2441 416 2497 Amandat
429 2441 584 2498 hominem.
606 2459 662 2515 quo
674 2437 685 2498 l
699 2440 873 2513 Lilybaeum
884 2440 1011 2497 tortasse.

135 2540 259 2599 Video:
281 2544 378 2596 tamen
392 2539 523 2596 homines
538 2539 695 2596 maritimos
713 2557 774 2595 non
787 2541 874 2612 plane
889 2537 1014 2596 ret'ormi·

131 2643 199 2700 dat.
243 2637 378 2705 Minime,
393 2638 519 2710 judices.
561 2639 735 2694 Panormum
756 2633 869 2710 igitur?
893 2637 1012 2694 Audio:

132 2745 313 2814 quamquam
328 2736 489 2810 Syracusis,
504 2735 639 2809 quoniam
661 2737 691 2791 in
714 2736 899 2806 Syracusano
912 2739 1013 2807 captus

133 2842 214 2902 erat,
229 2834 365 2900 maxime,
379 2834 404 2890 si
427 2834 522 2890 minus
544 2834 686 2906 supplicio
708 2832 794 2900 attici,
818 2839 849 2888 at
875 2832 1014 2891 custodiri

130 2934 301 3010 oportebat.
334 2933 382 2988 Ne
400 2932 708 3009 Panormuquidem.
751 2931 830 3004 Quid
839 2929 1014 3008 igiturlquo
1098 2941 1101 2946 “

133 3028 275 3110 putatis?
296 3032 347 3088 Ad
361 3031 492 3088 homines
506 3049 525 3087 a
539 3030 692 3104 piratarum
706 3035 784 3089 metu
800 3034 830 3087 et
849 3031 1013 3104 suspicione

134 3131 354 3190 alienissimos:
375 3147 393 3187 a
414 3130 582 3204 navigando
605 3132 744 3205 rebusque
759 3129 910 3186 maritimis
924 3147 1014 3188 remo·

134 3231 278 3296 tissimus,
292 3230 329 3285 ad
343 3229 558 3302 Centuripinos,
578 3229 710 3286 homines
734 3227 861 3284 maxime
882 3228 1013 3286 mediter·

165 3384 191 3416 ⁰⁰
207 3381 364 3430 [namma
362 3383 434 3444 yram]
446 3382 475 3428 de
489 3381 524 3429 bis
533 3381 720 3443 operaepretium
730 3379 759 3427 sit
778 3380 853 3438 legere
861 3379 946 3428 tradita
954 3381 1013 3430 Dor-

133 3439 223 3489 rillio
216 3455 239 3485 ru
251 3439 335 3487 itinere
344 3441 451 3503 Siculop
464 3444 512 3490 18⁰

165 3519 193 3553 ⁸⁷
208 3518 378 3566 domidedun
385 3521 538 3580 qmereretar]
553 3533 582 3566 ne
591 3517 702 3579 piratae'
695 3534 719 3565 m
730 3518 844 3566 lautumiis
853 3519 891 3580 qui
900 3524 1012 3575 esoentet

126 3580 203 3630 illum
215 3577 373 3647 archipiratam
383 3583 478 3636 nossent,
491 3580 548 3625 bunc
557 3593 602 3624 non
616 3582 766 3637 agnoscerent,
776 3582 802 3625 et
809 3592 886 3626 venun
891 3578 1010 3638 ambipira

132 3646 187 3690 nm
199 3636 363 3695 desiderarem
379 3652 401 3682 v.
412 3637 495 3684 Clam·
488 3651 631 3697 mmm
