2486 4212
222 337 283 403 176
548 326 583 378 Pl
597 321 742 376 VERREM

217 487 249 544 ot
270 481 379 557 flagito.
420 453 560 552 liurpro
585 475 651 542 isto,
673 470 723 548 qui
749 467 865 528 leudem
891 463 1090 539 honoremque

217 581 348 641 familiae
367 583 483 638 vestrae
504 577 689 650 depeculatus
713 574 767 636 est,
789 560 921 641 pugnas?
948 579 1001 621 our
1021 579 1089 629 eum

216 681 368 739 detentum
381 695 446 736 esse
457 676 503 736 vie
517 673 530 734 ‘l
548 693 600 734 our
613 688 668 747 ego
680 674 744 728 tuas
755 659 1017 742 putenasusnipioi
1036 677 1089 720 cur

218 784 298 838 tuum
318 795 390 836 onus
409 768 562 834 sustineo?
595 772 638 829 M.
654 767 769 826 Tullius
790 764 824 822 P.
841 761 975 820 Africani
989 775 1088 820 monu-

101 909 104 914 ·
217 883 318 936 menta
331 876 467 951 requirit:
489 874 523 931 Ρ.
540 869 641 944 Scipio
653 867 673 900 ⁹¹
684 883 760 933 eum,
773 862 822 938 qui
835 862 887 918 illa
899 860 1024 927 sustulit,
1036 861 1087 916 de·

217 977 321 1034 leodii.
362 975 437 1032 (lum
457 989 519 1052 mos
543 986 562 1026 a
581 966 736 1042 majoribus
748 961 869 1020 maditus
882 959 930 1027 sit,
942 963 974 1016 ut
986 974 1088 1016 monu-

219 1079 319 1134 menta
331 1071 470 1146 morum
483 1071 524 1128 ito
537 1083 651 1146 suorum
665 1061 783 1140 quisque
796 1059 942 1126 defendat,
954 1062 986 1114 ut
998 1073 1034 1113 ea
1047 1071 1088 1113 ne

218 1171 314 1230 ornari
337 1170 454 1245 quidem
478 1167 596 1226 nomine
617 1165 715 1222 alieno
736 1161 834 1218 sinat:
855 1162 886 1214 tu
907 1154 958 1213 isti
984 1153 1089 1222 aderio,

215 1269 299 1346 ”qui
312 1287 371 1326 non
384 1267 506 1325 obtrusit
520 1265 615 1340 aliqua
629 1281 667 1320 ex
680 1265 762 1335 parte
774 1259 962 1316 monumenta
975 1252 1010 1311 P.
1026 1251 1089 1312 Soi-

219 1369 325 1446 pionis,
338 1369 389 1426 sed
399 1365 527 1424 funditus
545 1363 660 1422 sustulit
674 1377 709 1418 ac
722 1353 854 1416 delevitl
875 1355 1018 1426 Quisnam
1036 1349 1090 1426 igi·

220 1473 275 1536 tur,
289 1485 340 1542 per
359 1467 430 1522 deos
450 1465 642 1522 immortales!
664 1457 789 1516 tuebitur
809 1456 844 1512 P.
860 1451 1009 1527 Scipionis
1029 1465 1089 1508 mc-

134 1625 144 1638 ,
220 1565 341 1624 moriem
355 1563 459 1620 mortui
472 1559 484 1620 l
503 1561 566 1635 quis
580 1561 766 1616 monumenta
778 1558 864 1628 atque
877 1551 990 1610 indicia
1000 1551 1088 1609 viror·

220 1663 268 1730 tis,
288 1659 344 1718 ¹³³si
357 1666 387 1718 tu
402 1677 437 1717 ee
451 1659 594 1732 relinques
608 1673 644 1713 ao
656 1651 791 1712 deseres?
812 1667 906 1726 neque
919 1651 1013 1706 solum
1025 1665 1089 1722 spo-

221 1763 292 1821 liata
306 1759 489 1834 dispellere,
504 1758 555 1814 red
573 1755 664 1813 etiam
676 1769 776 1810 eorum
798 1749 984 1824 spoliatorem
998 1763 1089 1806 vexa·

223 1864 370 1934 toremque
392 1853 557 1914 defendes?
579 1855 695 1912 Adsunt
720 1848 883 1924 Segestani,
896 1846 1022 1906 clientes
1036 1846 1088 1914 tui,

221 1959 297 2018 coeii
320 1957 418 2030 populi
440 1954 565 2013 Romani
586 1958 672 2026 atque
685 1949 788 2007 amici:
809 1947 962 2026 certiorem
975 1950 1006 2002 te
1019 1943 1089 2004 laei-

220 2062 282 2122 unt,
306 2056 340 2111 Ρ.
364 2053 545 2119 Africanum,
570 2048 748 2122 Karthagine
774 2049 882 2114 deleta,
904 2044 1089 2103 simulacrum

221 2152 338 2211 Dianae
352 2149 506 2222 mqjoribue
521 2148 579 2206 suis
593 2147 753 2206 restituisse
767 2165 774 2202 2
796 2145 882 2220 idque
895 2144 973 2218 apud·
986 2143 1091 2216 Seges-

220 2254 314 2319 tanos,
327 2250 388 2324 ejus
401 2246 581 2321 imperatoris
600 2244 717 2304 nomine
730 2223 855 2318 positum
873 2258 908 2299 nc
921 2241 1091 2300 dedicatum

216 2334 326 2409 luisse:
355 2351 411 2408 boc
435 2348 558 2405 Verrem
582 2344 797 2404 demoliendum
820 2347 851 2400 et
877 2340 1090 2416 seponendum,

221 2465 383 2522 nomenque
397 2446 517 2504 omnino
532 2445 565 2502 P.
581 2442 728 2517 Scipionis
751 2442 907 2500 delendum
919 2439 1091 2497 tollendum·

222 2564 277 2622 que
291 2563 424 2603 curasse:
444 2548 529 2602 orant
542 2547 582 2611 te,
595 2547 680 2616 atque
692 2543 855 2608 obsecrant,
864 2545 896 2596 ut
907 2537 965 2596 sibi
978 2535 1092 2612 religio·

222 2661 300 2714 nem,
313 2644 415 2720 generi
424 2648 475 2702 tuo
487 2644 602 2701 laudem
615 2641 790 2716 gloriamque
805 2639 947 2706 restituae,
960 2641 1002 2704 ut,
1014 2637 1092 2711 quod

222 2763 262 2802 ex
275 2747 344 2802 urbe
355 2742 481 2802 hostium
491 2761 543 2816 per
556 2742 590 2798 P.
603 2740 772 2798 Africanum
781 2737 985 2812 recuperarint,
999 2735 1031 2793 id
1040 2749 1093 2808 per

171 2852 212 2914 37
225 2849 253 2902 te
268 2861 304 2900 ex
317 2845 470 2916 praedonis
480 2844 567 2900 domo
580 2857 752 2898 coneervare
763 2837 884 2912 possint.
922 2832 944 2868 ⁶⁴
956 2833 1033 2907 Quid
1042 2836 1093 2892 aut

253 2993 274 3025 ⁹¹
289 3006 347 3048 eum,
357 2993 396 3052 qui
405 2993 447 3040 illo
456 2994 563 3054 emolit]
594 2991 641 3039 rua
650 2991 728 3040 melius
737 2992 830 3050 abesset.

254 3069 277 3102 θ’
290 3070 503 3132 ᾳιιίηοποὸίηωὶι.]
534 3071 585 3118 Hoc
594 3071 783 3128 nemointelligat.
808 3065 1096 3121 Quidamldsrivelobrm!

225 3129 386 3176 valoistmror't.
417 3129 475 3186 Hoc,
486 3130 546 3190 quod
561 3129 626 3175 estin
643 3129 687 3176 (lu.
698 3129 802 3190 placebat
813 3127 1092 3175 GuilielmioetGrutero.

225 3187 369 3236 Putoverunr
377 3202 431 3235 esse.
462 3187 520 3235 Mox
535 3187 643 3235 Graevius
659 3203 672 3233 e
687 3187 734 3234 Me.
746 3189 808 3234 dedit
824 3188 904 3233 deiecit
918 3187 977 3242 ons.
995 3183 1093 3232 aarum

225 3245 323 3298 Videtur
332 3262 380 3296 esse
388 3248 473 3296 melius.
499 3249 547 3294 Me.
557 3246 600 3294 (iu.
607 3247 789 3304 hebetsunditue
798 3246 877 3292 deiecit
885 3260 911 3292 oo
920 3244 1016 3290 obstulit.

256 3327 278 3360 Ὦ
292 3327 345 3375 situ
354 3325 634 3395 eordinquisoodcscra'e.1
650 3327 699 3372 Aut
708 3325 818 3384 relinquar
825 3339 851 3368 uc
859 3323 940 3369 deseres
947 3321 1096 3376 scribendum,

227 3387 266 3429 aut
275 3390 325 3443 post
331 3391 405 3441 nubre
415 3411 441 3421 --
451 3386 559 3444 ddemdir.
590 3385 650 3435 Quia
666 3383 713 3430 Ms.
724 3397 770 3440 reg.
782 3381 840 3443 apud
850 3381 970 3428 Graevium
980 3379 1037 3426 illud
1054 3379 1097 3424 ha-

227 3441 273 3498 bet,
283 3443 363 3546 recffii.
370 3445 415 3491 (iu.
424 3447 528 3490 fluctuat.
544 3443 700 3502 relinquebant
709 3441 798 3499 ddum.
816 3439 929 3496 Graevius,
937 3437 1100 3499 nescioquem

227 3514 255 3547 ex
264 3513 308 3545 uuo
347 3516 365 3546 s.
376 3503 463 3549 dederit
472 3503 605 3560 defenderis,
615 3501 674 3562 quod
685 3515 730 3546 nou
739 3499 849 3546 consentit
857 3514 906 3546 oum
914 3496 1004 3556 potiere.

258 3577 279 3611 ⁰⁴
293 3576 405 3630 Quidout
414 3583 440 3626 tu
456 3579 498 3634 aa,
508 3580 562 3642 etc]
599 3577 683 3628 Addidi
698 3591 711 3624 e
725 3575 772 3624 M's.
784 3577 860 3624 Ursini
877 3581 911 3632 tu,
921 3575 982 3637 quod
997 3571 1097 3645 aegritu

228 3642 362 3693 mdtbeoeor
371 3645 476 3706 postulat.
487 3642 536 3693 Ms.
547 3644 591 3694 Gu.
602 3658 654 3694 cum
661 3643 703 3702 tis,
712 3643 795 3693 bctrm
804 3645 860 3693 crte
869 3645 896 3690 lo
904 3640 945 3690 bio.
