2460 4200
387 321 459 371 10¹1*-
474 321 505 372 ll.
521 320 618 372 unna
631 321 778 372 nunnius.
935 337 941 348 ·
963 321 1006 386 23

143 464 311 545 afflixerat)
323 470 374 526 sed
387 469 438 529 isti
451 471 509 543 ipsi
522 471 633 544 equites
648 469 782 537 Romani,
795 467 843 542 qui
862 484 943 526 tuum
958 467 1008 540 jur

143 563 269 622 retibere
288 585 320 624 se
341 571 443 624 eontra
469 570 629 640 Apronium
652 585 736 642 posse
762 572 845 625 erant
870 564 1008 632 arbitrati,

144 664 287 734 splendidi
301 665 442 732 homines,
454 672 485 723 et
498 664 564 722 aliis
578 666 755 737 praetoribus
774 664 901 738 gratiosi,
914 661 1009 720 vineti

146 760 277 832 Apronio
302 764 400 820 traditi
428 768 503 820 suut.
553 763 707 822 Attendite
734 764 823 829 euim,
849 760 1009 835 eujusmodi

143 857 241 916 edicta
253 859 320 917 sint.
342 879 383 918 un
403 877 535 927 roman,
555 861 656 934 inquit,
677 879 719 918 nx
739 879 830 925 uass,
851 876 915 916 arsi
937 874 1009 916 narr

144 971 271 1014 ruerus.
314 959 392 1014 Satis
407 960 479 1016 haee
494 976 598 1032 magna
618 959 665 1016 vis
678 965 722 1015 est
742 960 779 1016 ed
799 958 897 1030 inique
917 957 1011 1029 pauis-

145 1055 281 1110 eendum.
303 1057 379 1111 malo
392 1055 470 1114 enim
489 1059 553 1129 plus
573 1057 650 1124 dare,
664 1073 748 1130 quam
769 1073 827 1112 non
847 1059 956 1112 mature
968 1071 1010 1112 ex

147 1165 217 1206 area
245 1153 355 1206 tollere.
408 1154 449 1208 At
471 1153 527 1208 ista
551 1154 595 1209 vis
620 1154 783 1226 Septitium,
806 1159 836 1209 et
858 1155 1011 1223 nonnullos
1072 1218 1076 1222 .

150 1247 271 1319 Septitii
294 1247 412 1315 similes,
432 1266 491 1305 non
511 1248 645 1316 animem
666 1251 713 1320 qui
739 1251 779 1304 ita
802 1250 920 1307 dieunt:
943 1252 1012 1308 Non

145 1347 247 1402 tollam
262 1347 364 1418 potius,
384 1365 469 1428 quam
492 1347 633 1418 paciscar.
673 1341 758 1401 ω-Ηίε
773 1347 828 1402 hou
841 1347 1012 1418 opponitur:

147 1444 328 1515 deportatum
352 1445 458 1500 habeas
480 1449 548 1500 ante
571 1444 695 1500 Kalend.
713 1444 795 1499 Sext
845 1444 1013 1516 Deportabo

149 1539 244 1614 igitur.
286 1543 353 1599 Nisi
366 1548 465 1616 paetus
487 1542 552 1608 eris,
571 1559 630 1598 non
650 1540 876 1610 sommovebis.-
900 1543 951 1616 Sia
965 1544 1012 1600 de·

149 1640 283 1711 portandi
299 1641 371 1702 ‚dies
398 1642 567 1713 praestituta
593 1641 694 1696 tollere
722 1641 845 1712 cogebat
870 1658 908 1696 ex
936 1658 1012 1698 area.

152 1735 315 1792 Prohibitio
329 1738 460 1802 tollendi,
474 1737 531 1794 nisi
552 1742 654 1808 peetus
678 1741 763 1803 esset,
778 1736 838 1792 vim
858 1738 1015 1796 adhibebat

152 1833 294 1906 pactioni,
307 1852 365 1890 uon
380 1838 568 1892 voluntatem.

192 1931 260 1988 Jam
278 1949 346 1990 vero
365 1934 437 1990 illud
459 1950 517 1990 nou
540 1933 633 1990 solunt
647 1937 748 1990 onuba
767 1935 861 2008 legem
884 1932 1066 1994 Hieroni-15

151 2043 227 2094 nem,
241 2048 295 2086 neo
307 2033 398 2088 solum
409 2037 511 2089 eontra
519 2031 758 2089 consuetudinem
769 2033 953 2106 superiorum,
963 2033 1015 2090 sed

154 2125 244 2184 etium
272 2136 372 2186 eontra
395 2131 493 2186 omnia
517 2130 584 2201 jure
613 2129 784 2198 Siculorum,
806 2146 880 2203 quae
909 2131 1018 2188 hubent

154 2241 174 2280 a
194 2231 295 2282 senatu
319 2205 478 2300 populoque
497 2228 640 2302 Romano,
659 2245 696 2284 ne
716 2232 801 2284 extra
823 2243 905 2284 suum
926 2228 1017 2286 lorum

83 2359 85 2364 -
155 2323 354 2380 vadimonium
383 2325 549 2397 promittere
571 2329 718 2396 eoguntur.
761 2324 869 2382 Statuit
895 2325 960 2391 iate,
986 2328 1018 2382 ut

153 2417 249 2478 arator
260 2423 429 2490 decumano,
448 2439 503 2496 quo
517 2424 608 2480 vellet
621 2423 805 2490 decumanus,
820 2421 1018 2480 vadimonium

116 2521 118 2530 ’
155 2519 344 2591 promitteret.
358 2527 390 2576 ut
403 2521 451 2577 hie
464 2537 575 2594 quoque
597 2520 737 2592 Apronio,
752 2537 819 2577 eum
838 2518 904 2578 3³ex
924 2522 1018 2578 Leon·

156 2614 219 2670 tino
238 2635 324 2691 usqne
344 2619 517 2690 Lilybaeum
531 2617 655 2688 aliquem
676 2618 888 2683 veneramen
908 2618 1019 2674 miseris

157 2715 315 2770 aratoribus
339 2713 537 2790 ealumniandi
558 2718 691 2784 quaestus
714 2713 874 2768 accederet.
915 2714 1020 2785 Quam·

160 2827 247 2882 quam
260 2810 311 2866 ille
324 2811 377 2866 ruit
390 2811 427 2866 ad
440 2808 615 2866 calumniam
628 2808 764 2880 singulari
776 2810 898 2868 oonsilio
909 2817 1020 2884 reperta

157 2907 242 2974 ratio,
255 2908 330 2982 quod
347 2907 486 2973 edixerat,
506 2911 538 2962 ut
550 2911 675 2964 aratores
687 2906 788 2979 jugere
802 2909 944 2966 sationum
957 2928 1021 2970 sua·

157 3025 221 3065 rum
244 3005 450 3078 profiterentur.
491 3005 574 3075 Quae
596 3021 640 3060 res
661 3022 727 3060 eum
741 3007 777 3061 ad
799 3009 947 3078 pactiones
966 2989 1018 3066 ini·
1052 3005 1055 3010 ’

158 3103 309 3179 quissimus
322 3119 456 3176 maguam
470 3101 531 3181 vim
546 3101 652 3168 babuit,
665 3103 741 3158 sieut
752 3105 911 3172 ostendam,
925 3123 1018 3180 neque

186 3257 211 3290 ³²
225 3255 459 3316 flebotomiae]
490 3253 553 3301 llaec
563 3263 596 3299 eat
605 3269 658 3300 reru
669 3253 743 3309 lertio,
754 3254 847 3358 primm
853 3255 1022 3303 editaaerldo

156 3315 216 3375 Nep.
228 3330 294 3375 quam
303 3315 410 3363 Gruterus
418 3315 472 3360 dare
485 3313 564 3367 voluit,
575 3313 612 3357 sed
628 3327 709 3373 operae
725 3328 753 3359 vu
763 3317 837 3370 garam
846 3313 967 3369 opponitur
975 3329 1021 3360 aer·

159 3388 255 3429 vavere;
272 3387 312 3418 nee
327 3373 348 3418 id
358 3371 453 3418 correxit
465 3373 512 3418 lae
525 3369 656 3416 Gronovius.
689 3371 735 3417 ltes
753 3371 801 3431 ipsa
815 3371 887 3427 docet
903 3365 1020 3429 apponitur

159 3444 207 3478 esse
217 3446 304 3478 verum:
320 3431 358 3478 ssd
368 3431 424 3476 etin
434 3429 490 3476 Mes.
502 3428 565 3476 bonis
575 3434 685 3488 repertum
695 3435 735 3476 esa

189 3509 212 3541 ³³
226 3509 385 3567 subtantiam]
417 3507 513 3554 Sicedd.
529 3511 584 3552 vett.
597 3506 713 3566 (luiterus,
723 3508 797 3570 nemin
806 3508 872 3566 unde,
887 3507 966 3557 tacitus
975 3506 1021 3554 edi.

158 3565 195 3614 uit
202 3581 217 3613 a
225 3567 347 3625 lumniam
357 3566 416 3628 quod
424 3566 584 3614 mesdeus
595 3565 660 3613 redit
