2438 4206
191 327 196 334 ’
213 324 278 408 flg'
538 331 573 384 itt
587 329 732 384 vnnnntt

208 485 347 560 vectigal,
358 499 442 560 qnam
455 484 562 558 praeda
581 479 730 558 praetoris.
772 477 890 538 Deinde
901 493 954 535 eur
966 477 998 536 in
1015 493 1078 538 nnn

207 602 313 662 genere
327 585 389 642 solo
402 582 537 644 frumenti
549 583 606 640 ieta
626 579 790 638 aestimatio
809 574 1016 636 constituitur?
1038 577 1072 636 Si

207 689 252 742 est
274 700 365 758 nequa
387 690 418 740 et
438 683 574 740 terenda:
594 681 681 738 debet
700 679 806 752 populo
819 677 954 734 Romano
969 675 1074 734 sinilia

207 781 359 840 decumas:
379 782 428 840 det
443 799 494 855 pro
507 779 627 853 singulis
642 778 731 836 tritioi
745 776 850 834 modiis
869 780 966 832 ternos
985 776 1076 832 dena·

207 879 283 939 rios:
303 880 359 938 sibi
372 881 478 937 habent
492 879 672 936 termentum.
713 877 793 934 Data
806 873 861 932 tibi
876 872 1000 947 pecnnia
1020 877 1074 942 est,

207 977 335 1036 Verres:
356 995 423 1044 nna,
436 994 491 1052 qna
505 977 680 1034 trumentum
693 973 747 1030 tibi
768 989 878 1030 emeres
900 971 932 1030 in
949 973 1076 1042 oeilantp

206 1079 308 1144 attera,
321 1091 376 1150 qna
390 1076 563 1136 trumentum
575 1089 686 1130 emeres
700 1089 718 1128 a
731 1071 908 1138 eivitatibnr,
926 1072 1003 1144 qnod
1017 1071 1079 1128 Ros

207 1190 285 1232 mam
299 1173 436 1230 mitteres.
457 1172 511 1230 tibi
524 1174 621 1229 datam
635 1169 789 1244 panoniam
801 1169 880 1228 domi
903 1169 1022 1235 retines,
1042 1171 1076 1226 et

207 1277 357 1346 praeterea
375 1269 531 1344 prenniam
551 1285 738 1343 permagnam
758 1274 811 1326 too
830 1268 948 1326 nomine
972 1267 1076 1326 antem.

207 1369 272 1429 Fan
285 1370 363 1428 idem
376 1370 408 1427 in
422 1386 458 1426 eo
467 1369 619 1435 frumento,
633 1368 753 1442 qnodad
764 1369 899 1442 poputum
910 1367 1076 1426 Romanum

207 1468 351 1542 pertinet3
372 1468 458 1542 exige
472 1469 574 1526 eadem
588 1465 790 1523 aestimatione
802 1464 954 1538 pecuniam
968 1483 987 1521 a
1000 1463 1077 1522 eivi-

207 1567 324 1632 tatibns‚
344 1568 374 1620 et
396 1565 479 1631 refer,
502 1581 589 1638 quem
611 1563 761 1637 nonepisti.
782 1569 843 1622 tum
864 1564 996 1620 retertina
1020 1562 1078 1620 orit

207 1662 349 1720 aerarium
371 1660 469 1735 populi
494 1661 628 1730 Romani,
652 1679 738 1736 quam
759 1677 894 1736 nmquam
918 1661 982 1718 init.
1032 1661 1076 1720 At

208 1759 289 1817 enim
302 1760 389 1818 istam
396 1777 458 1817 rem
468 1760 498 1817 in
510 1759 627 1833 pubiioo
637 1760 779 1818 frumento
793 1760 963 1818 Sieilianon
973 1760 1081 1818 terrete

207 1859 284 1916 hano
298 1859 403 1916 semin
417 1875 482 1915 meo
495 1858 638 1916 frumento
651 1859 727 1916 tulit
768 1857 895 1916 Proinde
918 1858 1001 1933 qnasi
1025 1861 1080 1916 ant

207 1958 325 2031 aequior
346 1957 384 2013 sit
412 1956 469 2012 ista
491 1955 659 2012 aestimatio
675 1956 708 2012 in
730 1961 789 2022 tno,
812 1972 897 2029 qnam
920 1956 953 2014 in
976 1955 1078 2030 populi

206 2053 333 2114 Romani
346 2051 516 2109 commodo:
536 2057 586 2108 ant
599 2067 634 2106 ea
648 2068 703 2118 ree,
717 2069 804 2124 qnam
821 2071 876 2128 ego
894 2054 973 2121 dieo,
985 2061 1016 2112 et
1028 2071 1075 2122 ea,

206 2168 291 2227 quem
305 2154 337 2206 tu
348 2147 453 2213 iecisti,
466 2146 543 2204 inter
552 2165 584 2204 se
597 2165 703 2222 genere
716 2149 851 2222 injuriae,
865 2169 925 2210 non
932 2153 1076 2226 magnitu-

205 2249 276 2306 dine
290 2245 432 2321 pecuniae
444 2243 567 2302 diderat
607 2245 718 2304 Verum
741 2246 826 2306 istam
849 2249 941 2322 ipsam
965 2253 1074 2310 celiam

206 2347 280 2405 terre
293 2347 375 2403 nulio
395 2344 483 2401 modo
507 2349 633 2416 possunt,
654 2351 687 2402 ut
707 2345 806 2404 omnio
825 2347 1018 2418 remittantur,
1041 2353 1076 2408 nt

205 2444 339 2504 omnibus
359 2441 472 2514 injuriis
495 2446 526 2498 et
546 2442 768 2512 calamitatibus,
792 2463 862 2520 quas
886 2451 916 2504 te
940 2453 1074 2522 proetore

206 2539 728 2612 tuterunt‚tnposterum1iberentn;
747 2543 835 2602 istam
856 2563 889 2604 se
906 2548 1014 2604 peilam
1030 2550 1075 2604 et·

206 2659 262 2716 qne
283 2641 369 2699 istam
390 2637 621 2697 aestimationem
640 2638 787 2716 ¹⁰⁰'negant
808 2645 869 2702 nito
891 2646 978 2704 modo
999 2644 1075 2702 ierne

156 2747 299 2816 88posse.
362 2737 457 2797 Multa
485 2739 645 2811 Sophocles
673 2740 883 2816 Agrigentinos
907 2744 985 2816 apnd
1014 2743 1073 2802 On.

207 2839 377 2914 Pompejnm
399 2829 548 2896 eonsu'letn
571 2855 670 2912 nuper,
693 2839 780 2898 nomo
807 2841 1022 2909 disertissimus,
1040 2846 1074 2902 et

191 2935 287 2996 'omni
300 2935 432 2992 doctrina
445 2939 475 2991 et
488 2935 597 2994 virtute
606 2939 811 3008 ornatissimus,
825 2957 878 3013 pro
890 2945 952 2998 tota
967 2940 1076 3000 stettin

206 3036 244 3093 de
258 3038 401 3089 aratorum
415 3031 536 3088 miseriis
557 3034 684 3106 graviter
702 3054 738 3094 ae
760 3039 878 3112 copiose
899 3038 1010 3098 dixisse
1027 3053 1075 3106 san

206 3135 371 3206 deplorasse
390 3129 505 3187 dieitur.
525 3148 565 3188 ex
588 3133 693 3206 quibus
711 3135 777 3204 hoo,
799 3136 846 3205 iis,
869 3138 918 3211 qiu·
942 3140 1077 3206 aderant,

206 3229 288 3310 (nam
302 3245 407 3304 magno
422 3235 570 3288 eonventn
591 3235 657 3289 aete
679 3251 724 3290 res
747 3231 815 3312 est.)
838 3235 1075 3310 indignissimum

207 3331 377 3388 videbatur:
397 3345 453 3402 qna
465 3329 497 3385 in
510 3347 541 3386 re
555 3335 671 3388 senatus
684 3331 793 3405 optime
806 3350 842 3391 ae
862 3335 1075 3408 benignissime

207 3426 439 3490 cummaioribus
450 3428 649 3504 egisset‚iarge
659 3430 871 3508 liberaliterque
880 3429 1076 3502 aestimasset,

209 3579 688 3704 «dimittedimitte
698 3588 848 3692 W*
861 3589 945 3648 Μ’*
959 3599 987 3638 ”·
1019 3585 1076 3654 aa
