2428 4212
211 338 275 398 254
554 330 746 382 ruvaaauu

210 481 288 542 disse
297 499 330 540 se
342 479 472 553 diceret3
492 499 559 541 cum
572 498 683 549 omnes,
697 486 728 538 ut
741 497 803 538 mos
817 484 870 547 est,
880 483 913 536 ut
925 479 1002 535 solet
1012 475 1082 543 deri,

209 585 423 648 concurrerent,
441 579 619 656 quaererent,
632 581 732 641 videre
751 583 901 654 cuperent.
943 575 1023 650 Quid
1036 593 1080 634 ac·

210 679 292 747 cidit,
303 696 356 738 cur
367 684 518 753 tantopere
536 680 591 738 iste
604 680 689 736 bomo
702 680 904 746 occultaretur,
917 680 950 733 nt
962 693 1028 732 eum
1043 691 1079 730 ne

197 776 281 839 ⁴&usu
303 779 420 855 quidem
442 779 591 853 quisquam
610 776 758 853 adspicere
772 773 891 850 posset?
909 773 1079 832 8⁵Homines

211 877 348 937 maritimi
363 879 525 951 Syracusis,
538 877 587 952 qui
600 894 687 951 saepe
710 876 793 934 istius
815 875 898 933 ducis
912 892 1014 932 nomen
1028 891 1077 930 ars·

211 957 332 1043 disseirt,
342 992 407 1033 cum
422 993 488 1033 eum
501 993 588 1050 saepe
608 975 782 1043 timuissent,
796 991 863 1032 cnm
876 973 937 1048 ejus
950 972 1080 1030 cruciatu

210 1079 296 1148 atque
309 1073 451 1148 supplicio
464 1092 584 1148 pascere
597 1077 707 1143 oculos,
720 1073 902 1149 animumque
913 1076 1077 1130 exsaturare

210 1174 338 1233 vellent:
359 1176 488 1246 potestas
508 1172 691 1247 adspiciendi
702 1172 813 1231 nemini
836 1172 977 1230 factaest.
995 1171 1079 1227 Unus

209 1273 305 1344 plnres
331 1272 510 1344 praedonum
542 1274 631 1332 duces
658 1271 744 1331 vivos
766 1272 845 1345 cepit
869 1272 904 1328 P.
928 1269 1079 1338 Servitius,

211 1387 297 1444 quam
315 1386 418 1428 omnes
441 1376 539 1429 antea.
560 1372 720 1446 Ecquando
732 1369 819 1445 igitur
831 1370 887 1427 isto
900 1369 993 1427 fructu
1009 1368 1081 1443 quis·

211 1485 296 1544 quam
310 1469 412 1536 caruit,
425 1474 458 1527 ut
480 1471 581 1527 ridere
605 1470 726 1543 piratam
749 1472 866 1542 captum
885 1485 944 1526 nou
959 1462 1081 1524 liceret?

212 1566 256 1622 At
268 1571 378 1632 contra,
395 1583 571 1641 quacumque
593 1568 650 1627 iter
668 1567 748 1636 iecit,
768 1569 824 1624 hoc
837 1566 1081 1640 jucundissimum

210 1665 409 1737 spectaculum
418 1667 551 1723 omnibus
565 1665 729 1723 vinctorum
739 1671 945 1741 captorumque
957 1664 1082 1721 hostium

210 1763 377 1835 praebebat.
418 1765 520 1840 Itaque
542 1765 570 1822 ei
591 1781 747 1822 concursus
764 1765 890 1840 undique
912 1764 1032 1831 fiebant,
1051 1767 1083 1820 ut

211 1879 272 1918 non
285 1864 372 1920 modo
395 1880 434 1921 ex
455 1865 500 1921 bis
515 1864 639 1938 oppidis,
653 1881 709 1940 qus
721 1865 905 1932 ducebantur,
919 1863 971 1919 sed
993 1861 1081 1920 etiam

212 1979 250 2018 ex
270 1961 409 2029 finitimis,
423 1962 538 2019 visendi
551 1979 647 2031 causa,
661 1961 862 2020 convenirent.
903 1962 972 2035 lpse
985 1966 1081 2018 autem

210 2057 369 2130 triumphus
384 2061 568 2132 quamobrem
588 2060 717 2118 omnium
737 2061 944 2134 triumphorum
958 2057 1082 2134 gratissi·

211 2172 272 2212 mus
287 2157 394 2234 populo
412 2156 547 2214 Romano
568 2157 622 2215 suit
641 2153 727 2232 atque
744 2155 995 2232 jucundissimus?
1015 2158 1083 2233 quia

211 2251 285 2312 nihil
299 2259 344 2311 est
357 2254 483 2313 victoria
503 2257 625 2315 dulcius.
646 2259 757 2316 nullum
780 2263 825 2315 est
845 2263 942 2316 autem
958 2257 1084 2314 testimo·

211 2353 292 2412 nium
313 2354 454 2412 victoriae
479 2354 594 2424 certius,
608 2373 702 2430 quam,
725 2373 795 2430 quos
820 2374 907 2429 saepe
935 2355 1082 2424 metueris,

212 2471 263 2510 eos
277 2458 306 2508 te
326 2453 442 2509 vinctos
465 2455 501 2510 ad
525 2453 698 2526 supplicium
721 2437 791 2512 duci
813 2455 922 2511 videre.
965 2455 1032 2511 Hoc
1051 2460 1084 2511 tu

212 2551 396 2624 quamobrem
418 2568 476 2608 non
496 2551 615 2610 iecisti?
635 2554 819 2626 quamobrem
840 2553 882 2610 ita
907 2553 964 2609 iste
989 2552 1086 2625 pirata

134 2719 137 2726 Δ
212 2651 322 2707 celatus
345 2654 398 2718 est,
412 2649 494 2723 quasi
507 2668 573 2706 eum
587 2647 735 2723 adspicere
749 2651 829 2708 nefas
851 2648 949 2709 esset?
969 2668 1088 2724 quamo-

117 2806 124 2818 ,
212 2749 293 2818 brem
307 2749 481 2822 supplicium
504 2767 563 2806 nou
585 2747 733 2809 sumsisti?
752 2768 838 2823 quam
851 2752 889 2806 ob
903 2766 1022 2805 causam
1037 2751 1090 2806 iso·

213 2847 321 2904 minem
336 2847 512 2904 reservasti?
541 2866 661 2923 ecquem
685 2848 790 2905 audisti
812 2849 843 2906 in
870 2847 974 2905 Sicilia
997 2853 1090 2906 antea

214 2948 330 3015 captum
344 2945 556 3016 archipiratam,
579 2946 627 3019 qui
652 2965 710 3004 uon
731 2948 825 3004 securi
849 2965 1000 3020 percussus
1021 2946 1092 3006 sit?

213 3056 302 3097 unum
325 3043 399 3098 cedo
421 3047 568 3099 auctorem
589 3044 631 3100 tui
653 3043 739 3102 facti:
761 3047 844 3103 unius
868 3046 964 3119 profer
986 3063 1092 3103 exem·

214 3140 301 3213 plum.
344 3139 457 3196 Vivum
478 3144 508 3197 tu
533 3140 736 3214 archipiratam
757 3148 903 3213 servabas,
925 3162 1014 3218 quem
1040 3163 1096 3219 per

214 3239 396 3313 triumphum,
410 3239 506 3307 credo,
530 3258 614 3315 quem
637 3247 705 3298 anta
721 3260 835 3300 currum
853 3249 934 3300 tuum
954 3245 1095 3300 duceres.

215 3336 318 3410 Neque
345 3338 426 3397 enim
453 3331 606 3415 quidquam
628 3345 690 3397 erat
707 3339 770 3414 jam
794 3341 943 3416 reliquum,
966 3341 1028 3398 nisi
1047 3345 1095 3410 ut,

243 3487 265 3520 ⁸⁵
278 3487 385 3534 Homines
394 3492 504 3539 marias·
512 3493 644 3554 Syracusis]
675 3493 712 3542 Sic
726 3510 766 3555 pro
782 3494 914 3544 mamasac
946 3494 996 3542 rimi
1012 3495 1097 3564 carpite

213 3551 325 3618 seqareme,
335 3544 374 3591 ubi
383 3549 444 3597 clare
453 3551 563 3600 amarias
578 3553 675 3599 homines
685 3559 742 3610 sunt,
753 3553 809 3600 bene
826 3554 916 3602 edidere
925 3511 1058 3612 iiervagrus
1070 3556 1101 3598 et

211 3606 340 3673 victorius
348 3604 379 3673 sic
388 3607 436 3655 Ma.
452 3609 525 3657 ausu.
537 3611 611 3660 babet.
622 3619 763 3673 opponantur
772 3613 944 3672 maanama
961 3611 1000 3674 qui
1013 3615 1101 3660 arnt·

211 3664 275 3713 rebus
284 3663 401 3712 marrtrmis
410 3667 485 3716 alieni.
