2486 4212
103 321 105 332 ’
221 302 281 366 180
556 301 591 352 ut
604 299 748 354 vanam

143 514 147 523 Ι
218 439 278 505 sion
289 447 419 506 aestimo.
432 455 631 508 verumtamen
644 467 662 506 a
674 449 757 506 vobis
770 447 813 506 ita
825 444 946 506 arbitror
954 445 1079 521 speetari

217 551 357 618 oportere,
381 549 478 621 quanti
514 550 587 606 haee
613 531 710 606 eorum
738 546 861 619 judidio,
883 545 933 620 qui
960 546 1080 604 studiosi

216 651 282 701 suut
296 645 396 702 harum
421 663 524 713 rerum,
551 646 751 703 aestimentur:
772 643 872 717 quanti
884 642 988 700 venire
1007 647 1078 702 sole·

214 747 283 800 aut:
304 744 404 818 quanti
417 745 491 801 baeo
504 744 575 816 ipsa,
596 744 621 800 si
648 743 744 816 polam
757 741 911 814 -libereque
934 741 1077 810 venirent,

213 841 317 898 venire
328 847 462 914 possent:
482 843 605 915 denique
619 842 682 914 ipse
693 839 800 898 Verres
814 838 914 912 quanti
933 839 1078 896 aestimet.

212 937 378 1013 Numquam
391 940 480 1008 edim,
492 941 518 1000 si
530 939 656 996 denariis
670 937 886 1013 quadringentis
901 937 1075 1010 Cupidinem

210 1036 292 1095 illum
307 1042 442 1110 putasset,
454 1037 654 1104 oommislsset,
665 1043 696 1094 ut
708 1041 824 1110 propter
836 1053 903 1094 eum
925 1035 956 1092 in
971 1052 1074 1095 sermo-

210 1151 278 1192 nem
292 1135 439 1192 hominum
463 1143 548 1209 atque
561 1136 593 1192 in
606 1141 717 1194 tantam
738 1133 980 1209 vituperationem
993 1133 1073 1190 veni-

209 1237 263 1290 ret.
304 1233 376 1305 Quis
389 1231 517 1292 vestrum
540 1232 627 1306 igitur
653 1233 756 1299 nesoit,
769 1232 869 1306 quanti
895 1233 969 1289 haee
988 1229 1072 1289 aesti-

209 1328 346 1389 mentur?
377 1333 412 1389 ln
426 1331 559 1391 anetione
581 1331 695 1404 signum
721 1347 843 1386 aeneum
865 1347 924 1388 non
938 1345 1072 1403 magnum

102 1411 106 1422 ’
209 1427 275 1488 H-S
290 1448 351 1486 oxx
373 1429 497 1486 millibus
512 1428 613 1486 venire
627 1446 686 1485 nou
707 1427 831 1485 vidimus
846 1425 965 1498 ?.Quid,
978 1428 1003 1484 si
1024 1445 1072 1484 vo·

112 1516 148 1610 '33
210 1528 262 1584 lim
270 1527 418 1584 nominare
432 1526 571 1592 homines,
586 1525 636 1600 qui
647 1531 697 1584 aut
711 1543 770 1582 non
781 1525 908 1592 minoris,
921 1532 969 1582 aut
983 1525 1071 1584 etiam

151 1617 177 1698 '2
206 1625 297 1700 pluris
320 1621 469 1682 emerint?
497 1641 594 1689 nonne
607 1621 743 1697 possum?
767 1624 885 1682 Etenim
908 1625 957 1698 qui
971 1625 1070 1682 modus

184 1713 187 1718 ’
207 1721 296 1780 estin
311 1722 356 1780 his
378 1725 460 1780 rebus
486 1723 662 1796 cupiditatis,
682 1723 761 1778 idem
784 1727 828 1779 est
851 1722 1071 1780 aestimationis.

206 1820 325 1879 dildoile
339 1826 384 1878 est
403 1822 481 1880 enim
494 1823 582 1879 finem
595 1822 691 1879 lasere
706 1820 807 1894 pretio,
828 1819 884 1876 nisi
904 1818 1019 1878 libidini
1032 1820 1071 1876 ie·

206 1920 290 1976 aeris.
332 1919 430 1976 Video
451 1920 537 1992 igitur
552 1919 658 1992 Hejum
682 1937 775 1992 neque
796 1920 955 1986 voluntate,
976 1935 1069 1992 neque

205 2013 374 2074 diffioultate
390 2017 486 2090 aliqua
499 2017 643 2089 temporis,
657 2035 749 2090 neque
773 2016 971 2090 magnitudine
985 2033 1069 2090 pecu-

205 2113 273 2171 niae
287 2113 440 2170 adduotum
460 2131 534 2181 esse,
555 2119 586 2171 ut
607 2115 682 2170 haee
704 2115 787 2188 signa
809 2117 964 2172 venderet:
984 2121 1069 2188 teque

205 2208 262 2276 ista
274 2211 460 2269 simulatione
474 2212 618 2280 emtionis,
632 2212 673 2281 vi,
687 2219 773 2280 metu,
794 2213 924 2286 imperio,
936 2213 1070 2286 fascibus,

205 2312 243 2366 ab
256 2309 373 2367 homine
387 2329 431 2378 eo,
445 2327 529 2385 quem
549 2329 606 2383 una
626 2329 692 2368 oum
705 2313 830 2368 caeteris
842 2312 928 2369 soniis
943 2329 1000 2370 non
1025 2328 1068 2370 so·

204 2409 263 2465 lum
278 2408 413 2481 potestati
433 2413 509 2478 tuae,
528 2411 580 2466 sed
593 2410 761 2466 etiamtidei
775 2413 895 2484 populus
920 2411 1067 2468 Romanus

204 2506 397 2574 commiserat,
418 2507 556 2580 eripuisse
577 2512 662 2581 atque
689 2509 849 2566 abstulisse.
892 2508 970 2580 Quid
996 2507 1067 2566 milri

203 2608 264 2689 tarn
276 2607 441 2678 oplandum,
457 2605 582 2679 judiees,
604 2611 697 2679 potest
721 2625 785 2662 esse
809 2607 839 2662 in
865 2607 921 2662 hoo
934 2607 1066 2674 erimine,

203 2699 289 2777 msam
303 2709 335 2760 ut
349 2705 422 2762 baso
436 2705 537 2762 eadem
551 2704 629 2762 dieat
642 2705 704 2777 ipse
719 2705 809 2776 Hejus
821 2702 833 2761 ‘l
846 2705 919 2761 nihil
928 2705 1067 2777 prolecto.
1147 2719 1149 2724 ’

203 2803 307 2857 sedne
333 2802 462 2858 difficilia
486 2808 625 2876 optemus.
668 2802 760 2872 Hejus
784 2805 828 2858 est
857 2802 1065 2860 Mamertinus:

205 2897 380 2954 Mamertina
393 2900 499 2956 civitas
521 2900 608 2956 istum
632 2901 746 2972 publioe
770 2901 916 2957 communi
942 2901 1067 2958 oonsilio

204 2995 267 3050 sola
280 2995 394 3050 laudat:
415 2995 546 3052 omnibus
560 2997 622 3068 ipse
635 2997 740 3053 ceteris
756 2997 1007 3056 Sioulisodioest:
1029 3001 1068 3055 ab

203 3091 249 3148 his
263 3091 330 3149 solis
345 3097 462 3150 amatur.
504 3093 575 3167 Ejus
596 3098 692 3150 autem
713 3095 874 3168 legationis,
893 3112 966 3169 quae
980 3098 1017 3152 ad
1031 3097 1077 3152 is·-

147 3225 148 3228 =
203 3194 263 3249 tum
274 3192 446 3254 laudandum
460 3192 547 3249 missa
561 3197 613 3259 est,
623 3191 756 3265 princeps
770 3197 814 3248 est
824 3193 924 3265 Hejus.
944 3189 1069 3269 (etenim

203 3295 246 3347 est
257 3292 363 3363 primus
376 3291 529 3369 civitatis.)
547 3288 570 3321 ¹⁶
579 3308 616 3347 ne
637 3290 719 3359 sorte,
732 3292 800 3348 dum
814 3291 937 3364 publieis
950 3293 1070 3348 manda·

229 3441 250 3475 ¹⁶
264 3443 363 3500 nefasta
379 3443 432 3503 eta]
448 3457 492 3489 non
501 3443 544 3490 hoe
562 3444 666 3490 cohaeret
676 3459 725 3490 eum
735 3443 922 3500 antecedentibus,
932 3449 957 3491 ut
972 3443 1011 3490 alii
1017 3444 1067 3502 jam

200 3514 293 3548 sensere.
313 3502 338 3548 P.
350 3501 468 3548 Manutius
480 3501 552 3557 jocum
568 3517 617 3549 esse
625 3507 697 3562 putat,
710 3517 774 3563 quern
784 3517 828 3548 non
838 3517 949 3564 assequor.
980 3503 1069 3548 Vitium

199 3559 235 3606 hie
244 3575 298 3615 esse,
309 3573 352 3606 non
361 3558 445 3613 dubito,
454 3559 500 3605 sine
510 3560 571 3606 libris
591 3575 635 3606 non
651 3561 724 3607 audeo
738 3561 855 3618 corrigere,
865 3562 923 3623 quod
938 3562 1000 3609 varie
1020 3563 1070 3608 aas

198 3619 344 3678 possetfmte
352 3622 384 3677 at,
396 3617 504 3678 velforte,
513 3619 568 3668 darn
577 3620 699 3680 namna
709 3623 736 3668 nl
744 3619 813 3677 depr.
824 3623 867 3668 ete.
