2418 4208
226 332 289 392 206
565 311 601 372 lli
615 319 757 377 VERREM

226 476 307 530 rant:
331 488 410 532 nunc
422 471 562 547 verojam
576 471 690 530 ademta
700 475 745 528 est
758 484 817 527 non
827 467 914 526 modo
927 467 1088 536 resistendi,

227 588 328 630 veruna
341 571 430 630 etiam
443 570 648 647 suppeditandi
669 571 800 626 incultae.
842 568 945 642 ltaque
966 585 1013 625 res
1027 585 1100 626 suas·

225 669 393 746 negligunt:
416 670 565 745 pecunias,
579 688 634 746 quc
646 666 763 726 nomine
771 665 981 740 judiciumhoc
996 668 1089 740 eppei-

224 767 309 837 lntnr,
318 786 379 827 non
392 773 540 844 repetunt:
554 769 717 842 relinquunt
727 770 757 824 ei
771 763 932 840 negligunt.
953 763 1090 838 Hocjam

183 891 187 896 ·
225 871 328 924 ornatu
338 868 374 924 ad
382 885 435 926 vos
444 865 622 942 confugiunt.
645 863 809 939 Adspicite‚
819 862 1089 938 adspiciteJudices,

173 967 216 1026 49
227 967 386 1040 squalorem
394 967 545 1041 sordesque
554 964 707 1022 sociorum.
750 962 888 1021 Sthenius
896 961 1089 1021 hieThermi·

227 1067 310 1120 tanus
319 1080 384 1121 cum
393 1064 448 1122 hoc
457 1063 565 1139 capillo
572 1069 659 1138 atque
668 1063 906 1130 veste‚d0m0sua
914 1063 977 1118 tuta
984 1059 1089 1134 cupita·¹

225 1159 265 1226 tn,
278 1161 456 1220 mentionem
471 1167 584 1222 tuorum
598 1161 735 1220 furtorum
751 1178 809 1217 non
823 1159 906 1218 lacit:
925 1177 990 1216 sese
1000 1159 1090 1234 ipsum

226 1259 277 1318 aba
288 1264 318 1316 te
327 1263 442 1334 repetit,
452 1261 526 1320 nihil
537 1259 667 1334 amplius.
679 1264 769 1318 totum
779 1257 859 1316 enim
869 1263 919 1316 tua
929 1257 1052 1316 libidine
1062 1259 1090 1314 et

228 1360 338 1416 scelere
351 1377 392 1416 ex
412 1376 464 1418 sua
476 1360 568 1434 patria
579 1357 628 1437 (in
641 1375 697 1434 qua
710 1357 807 1414 multis
821 1356 977 1414 virtutibus
997 1360 1027 1414 et
1045 1357 1089 1414 be

228 1457 342 1516 neliciis
355 1457 450 1515 floruit
463 1453 611 1532 princeps)
632 1454 781 1512 sustulisti.
821 1453 921 1512 Dexio
934 1453 995 1524 hic,
1009 1471 1090 1530 quem

227 1553 344 1620 videtis,
357 1571 417 1610 non
424 1571 498 1628 quae
512 1552 626 1626 publice
642 1552 787 1626 Tyndari,
800 1569 858 1609 nou
872 1569 946 1626 quae
957 1553 1091 1626 privatim

227 1650 283 1707 sibi
297 1650 437 1724 eripuisti,
447 1653 499 1708 sed
512 1651 629 1709 unicum
643 1649 731 1708 miser
741 1652 792 1709 abs
806 1656 835 1707 te
849 1650 940 1708 lilium
954 1652 1093 1724 optimum
1137 1703 1139 1712 ,

227 1753 313 1826 atque
338 1748 609 1808 innocentissimum
622 1749 742 1824 flagitat.
764 1766 823 1807 non
837 1767 875 1806 ex
894 1749 1093 1808 litibus-aesli-

227 1849 313 1908 matis
334 1849 391 1906 tuis
410 1848 564 1922 pecuniam
585 1849 709 1916 domum,
733 1847 783 1904 sed
805 1865 843 1904 ex
864 1852 915 1904 tua
928 1848 1093 1906 calamitate

228 1949 322 2008 cineri
342 1954 428 2023 atque
441 1948 552 2005 ossibus
566 1945 618 2004 filii
636 1947 680 2004 sui
693 1947 828 2004 solatium
847 1949 910 2004 vult
923 1947 1041 2022 aliquod
1052 1965 1093 2004 re·

228 2052 349 2118 portare.
382 2045 440 2102 llic
452 2051 511 2100 tam
524 2045 640 2116 grandis
654 2050 724 2103 natu
738 2046 890 2114 Eubulida,
902 2046 959 2104 hoc
974 2051 1094 2114 tantum,

228 2148 334 2202 exacta
353 2145 459 2208 aetate,
477 2141 583 2198 laboris
596 2141 765 2217 itinerisque
779 2144 914 2218 suscepit,
931 2161 989 2200 nan
1001 2151 1033 2200 ut
1044 2145 1095 2202 ali-

228 2240 296 2316 quid
319 2259 359 2298 ex
376 2239 435 2298 suis
454 2239 537 2297 bonis
551 2248 741 2314 recuperaret,
759 2243 811 2298 sed
826 2247 867 2310 ut,
888 2241 988 2318 quibus
1002 2242 1094 2300 oculis

228 2344 362 2400 cruentas
375 2337 536 2398 ⁴8ceruices
547 2338 600 2395 lilii
615 2339 659 2396 sui
669 2339 791 2408 viderat,
805 2339 909 2398 iisdem
920 2345 949 2396 te
959 2343 1096 2399 condem.

228 2421 328 2498 natum
347 2438 469 2494 videret.
511 2437 545 2494 Si
565 2453 617 2508 per
637 2438 673 2494 L.
699 2437 852 2504 Metellum
875 2438 989 2496 licitum
1010 2444 1095 2506 esset,

221 2536 353 2610 judiccs;
368 2539 473 2592 matres
486 2533 609 2603 illorum,
624 2551 728 2592 uxores
742 2554 907 2611 sororesque
921 2538 1094 2596 veniebant:

228 2651 345 2712 quarum
356 2651 423 2702 una,
436 2651 503 2690 cum
516 2651 570 2707 ego
584 2634 621 2690 ad
632 2633 800 2692 Heracliam
813 2639 901 2692 noctu
914 2636 1094 2703 accederem,

228 2751 296 2793 cum
309 2733 441 2791 omnibus
463 2733 601 2790 matronis
625 2732 685 2806 ejus
702 2730 842 2802 civitatis,
863 2737 976 2792 etcum
998 2734 1095 2792 multis

182 2889 188 2900 ,
227 2832 339 2891 lacibus
361 2830 433 2888 mihi
454 2829 572 2888 obviam
586 2831 677 2900 venit,
695 2834 725 2896 et
739 2830 790 2899 ita,
810 2849 857 2889 me
870 2849 952 2890 suam
973 2835 1096 2890 sulutem

228 2930 386 3001 appellans,
409 2933 438 2985 te
458 2929 720 3013 suumlearnilicem
734 2929 896 3010 nominans,
916 2929 972 2988 filii
990 2949 1096 2989 nomen

227 3023 392 3096 implorans,
412 3024 484 3080 milri
498 3025 535 3080 ad
548 3026 636 3098 pedes
650 3026 867 3100 miserajacuit,
882 3029 965 3104 quasi
979 3047 1035 3103 ego
1048 3047 1096 3086 ex·

228 3121 320 3180 citare
340 3120 432 3179 filium
446 3120 506 3196 ejus
521 3123 557 3178 ab
576 3121 675 3180 inieris
689 3141 812 3198 possem.
855 3125 1022 3184 Faciebant
1041 3128 1096 3184 huc

228 3222 307 3280 idem
330 3203 362 3279 in
385 3219 489 3279 ceteris
512 3220 679 3280 civitatibus
704 3227 826 3298 grandes
845 3229 915 3282 natu
929 3231 1047 3293 matres,
1066 3227 1095 3282 et

228 3319 300 3376 item
320 3319 433 3393 parvuli
454 3319 539 3378 liberi
561 3321 744 3380 miserorum:
772 3311 890 3398 querum
912 3327 1093 3400 utrorumque

229 3421 310 3477 aetas
330 3419 458 3478 laborem
472 3427 502 3478 et
514 3421 685 3496 industpiam
703 3439 807 3491 meam,
828 3425 915 3484 fidem
934 3429 965 3482 et
987 3421 1096 3486 miseri·

257 3569 280 3609 ⁴¹
293 3566 439 3630 melitii
447 3572 502 3637 sui]
532 3573 703 3636 duielegantim
713 3575 813 3626 amauit
930 3589 934 3598 ·
