2460 4200
169 389 171 396 >
233 381 278 441 ,ῃ
575 377 609 426 m
624 375 766 426 vsnnem

237 541 314 582 arne
328 523 374 581 vis
398 523 526 598 exigere,
541 541 659 582 remove
684 524 816 582 Siculum
839 519 1058 596 magistratumz'
1076 517 1102 581 si

236 622 312 678 hene
332 622 392 679 vim
411 623 539 690 adhibes,
552 622 620 697 quid
633 641 704 696 opus
718 629 762 680 est
776 618 910 694 judicio?
932 619 1004 690 Quis
1019 633 1101 690 porro

237 719 300 786 erit,
314 721 362 795 qui
382 739 446 778 uon
452 723 534 778 malit
556 721 723 778 decumanis
749 721 805 776 tuis
819 721 898 785 dare,
912 719 987 791 quod
1001 731 1101 788 popos-

236 819 318 886 cerit,
332 837 416 894 quem
430 822 466 876 ab
480 819 597 876 asseclis
610 820 666 875 tuis
679 821 836 893 quadruplo
850 812 1059 874 condemnari?

187 910 227 970 14
260 971 263 986 ,
277 917 333 973 lita
344 935 414 972 vero
425 920 569 989 praeclara
579 924 623 974 est
633 919 760 975 clausula
772 917 872 982 edicti,
883 915 958 988 quod
969 912 1099 970 omnium

237 1016 505 1077 controversiarum,
519 1033 591 1088 quae
605 1020 703 1072 essent
721 1015 797 1071 inter
816 1020 959 1070 aratorem
972 1017 1002 1067 et
1014 1012 1102 1066 decu·

238 1129 362 1178 manum,
373 1113 399 1168 si
413 1117 476 1168 uter
490 1112 570 1179 velit,
584 1113 681 1198 edicit,
691 1129 722 1169 se
735 1117 947 1186 recuperatores
959 1111 1099 1165 daturum.

238 1209 376 1277 Primum,
395 1228 467 1284 quae
487 1215 581 1283 polest
604 1229 667 1268 esse
688 1212 896 1276 controversia,
916 1226 982 1266 cum
1003 1208 1037 1274 is,
1050 1205 1101 1280 qui

238 1313 337 1383 petere
347 1310 443 1376 debet,
457 1307 564 1369 aufert?
583 1315 692 1369 etcum
707 1313 731 1366 is
747 1329 814 1378 non,
825 1314 962 1382 quantum
972 1307 1102 1372 debetur,

240 1407 290 1464 red
304 1413 442 1480 quantum
455 1411 636 1465 commodum
650 1414 703 1474 est,
714 1408 823 1464 aufert!
845 1407 895 1463 ille
907 1410 1011 1470 autem,
1025 1404 1102 1459 unde

239 1507 366 1560 ablatum
375 1512 426 1572 est,
429 1507 541 1576 judicio
549 1524 629 1562 suum
639 1524 805 1578 recuperare
813 1505 892 1560 nullo
900 1505 985 1560 modo
993 1497 1105 1574 potest?

240 1602 346 1658 deinde
359 1604 390 1660 in
402 1605 457 1661 hoc
475 1602 494 1636 ³¹
506 1607 592 1661 homo
604 1607 723 1678 lynceus
735 1604 822 1660 etiam
836 1603 958 1660 callidus
972 1617 1007 1657 ac
1023 1605 1103 1656 vete·

240 1706 317 1758 rator
329 1718 393 1758 esse
407 1704 478 1772 vult,
493 1705 568 1777 quod
581 1703 621 1759 ita
634 1701 742 1768 scribit,
764 1702 798 1757 Sr
819 1718 901 1758 urna
920 1715 1030 1764 rouen,
1051 1715 1103 1754 en·

242 1801 458 1858 cursuscursus
478 1819 569 1858 nano.
611 1802 704 1872 Quam
725 1799 820 1871 lepide
841 1815 873 1854 se
896 1796 981 1854 furari
1002 1791 1103 1868 putati

241 1897 364 1972 Utrique
377 1899 448 1955 iacit
460 1904 649 1971 potestatem
670 1899 719 1952 sed
740 1904 833 1952 utmm
852 1895 895 1951 its
908 1893 1063 1966 scripserit,
1077 1891 1103 1950 si

199 2001 205 2014 ⁸
229 1998 305 2072 'uter
319 1997 407 2059 votet,
421 2011 468 2058 an,
479 1995 503 2049 si
517 1997 692 2049 decumanus
707 1995 796 2057 volet,
808 1991 879 2048 nihil
894 1991 1022 2047 interest.
1044 2006 1105 2046 ara·

242 2091 287 2144 tor
299 2089 377 2144 enim
392 2089 454 2145 tuos
467 2089 536 2146 istos
551 2097 763 2161 recuperatores
779 2103 932 2161 numquam
946 2089 1036 2144 volet.

283 2183 382 2256 Quid?
409 2187 460 2243 iria
481 2186 641 2258 cujusmodi
662 2195 737 2253 sunt,
758 2203 830 2259 quae
852 2203 889 2241 ex
911 2193 1048 2258 tempore,
1069 2185 1106 2241 ab

245 2283 377 2356 Apronio
387 2285 556 2352 admonitus,
570 2282 684 2342 edixit?
705 2285 742 2356 Q.
756 2284 891 2356 Sapinia,
903 2284 1107 2340 honestissimo

243 2381 371 2448 homine,
392 2385 544 2457 equiteque
568 2383 710 2449 Romano,
734 2383 885 2439 resistente
909 2382 1049 2454 Apronio,
1073 2385 1107 2439 et

244 2479 411 2546 affirmante,
425 2498 457 2536 se
481 2483 543 2552 plus
556 2481 676 2536 decuma
692 2498 750 2536 non
765 2482 904 2547 daturum,
919 2479 1045 2537 exoritur
1058 2496 1108 2552 pe·

243 2576 352 2633 cuiiare
374 2577 499 2634 edietum
518 2577 710 2649 repentinum,
730 2594 768 2632 ne
789 2578 851 2650 quis
873 2577 1045 2634 frumentum
1069 2577 1108 2632 de

243 2689 309 2730 area
325 2677 437 2736 tolleret
451 2681 528 2741 ante,
542 2691 627 2747 quam
641 2691 708 2730 cum
728 2675 889 2730 decumano
904 2683 1005 2745 pactus
1019 2679 1105 2732 esset.

243 2771 370 2830 Ferebat
384 2775 459 2829 hanc
478 2789 589 2846 quoque
610 2770 792 2844 iniquitatem
814 2771 964 2842 Septitius,
978 2777 1008 2828 et
1021 2771 1109 2828 imbri

243 2867 415 2924 frumentum
437 2868 579 2938 corrumpi
602 2866 632 2922 in
657 2884 724 2922 area
748 2869 925 2937 patiebatur:
945 2886 1011 2924 cum
1034 2870 1110 2926 iilud

158 2969 164 2974 “
243 2964 370 3020 edictum
384 2966 501 3034 repente
515 2960 686 3017 uberrimum
700 2965 730 3014 et
750 2962 1029 3032 quaestuosissimum
1044 2946 1112 3024 nas·

244 3061 326 3128 citur,
338 3064 444 3117 utente
455 3058 601 3115 Kalendas
614 3057 696 3138 Sext.
705 3073 805 3112 omnes
816 3058 951 3114 decumas
960 3059 997 3115 ad
1005 3077 1112 3135 aquam

244 3159 408 3232 deportatas
419 3158 566 3212 haberent.
608 3155 672 3210 Hoc
684 3155 781 3212 edicto
791 3174 849 3212 non
866 3156 957 3214 Siculi
968 3155 1049 3235 (nem
1060 3179 1111 3221 eos

149 3323 156 3342 ι
245 3258 360 3337 quidem
368 3256 431 3329 Jam
444 3253 634 3328 superioribus
648 3254 752 3312 edictis
765 3255 835 3312 satis
848 3255 1011 3342 perdidemt
1024 3269 1113 3334 atque

275 3412 295 3446 ³¹
310 3409 476 3514 Ιποππιπῑπαφαὲ
501 3407 573 3456 Vetus
588 3408 657 3455 lectio
672 3411 814 3480 eptimam,
831 3410 889 3470 quod
905 3424 954 3456 cum
970 3411 1070 3482 Victoria
1088 3403 1116 3461 et

203 3477 211 3490 ⁵
246 3469 355 3518 [umbrae
364 3469 430 3514 edrdr.
477 3481 540 3514 cneus
550 3471 595 3515 est:
612 3468 851 3516 vultvrdencnlirdus:
868 3484 912 3516 nan
922 3474 956 3514 est
964 3483 1051 3526 rnrrum,
1060 3485 1114 3519 nans

246 3534 282 3576 est
291 3529 380 3586 lynceus
389 3527 437 3574 scil.
448 3526 486 3588 qui
505 3531 540 3572 est
548 3527 649 3587 optimus.
666 3527 727 3572 hama
738 3529 810 3575 lateus
827 3543 869 3574 non
880 3534 913 3573 est
922 3527 955 3572 ita
964 3533 1046 3596 apium,
1056 3531 1118 3590 quod

248 3589 342 3635 reiermr
348 3585 417 3644 magis
427 3586 454 3631 ad
463 3599 542 3640 mores,
551 3599 618 3645 quem
626 3585 656 3635 ad
664 3585 782 3647 ingenium.
814 3587 850 3636 ite
859 3586 931 3634 edidit
941 3599 1024 3647 primm
1032 3587 1115 3648 Aldus,

249 3649 273 3703 et
282 3645 307 3694 id
315 3644 373 3695 Ma.
384 3644 473 3707 quiden
483 3643 574 3694 habeut.
