2486 4212
247 355 307 416 158
573 339 609 394 na
626 339 770 392 VERREM

243 501 289 555 est
307 494 395 563 enim,
408 492 533 569 judices,
546 497 577 550 et
589 506 649 549 non
660 489 820 556 terendum,
832 488 930 546 dicere
950 485 1108 559 praetorem

241 593 274 652 in
300 594 452 668 provincia
480 591 592 652 homini
619 590 750 654 honesto,
777 587 924 658 locupleti,
950 580 1109 658 splendido,

241 707 346 751 venos
366 709 439 750 ιιιιιι
459 708 538 748 vasa
552 701 702 746 cannara.
744 683 809 739 Hoc
828 684 873 736 eat
891 680 973 736 enim
993 680 1108 738 dicere:

240 808 301 849 non
320 809 353 848 es
372 791 474 866 dignus
494 793 534 855 tu,
552 785 602 860 qui
621 785 736 846 habeas,
755 795 829 853 quae
849 782 910 833 tarn
931 777 1009 834 bene
1032 779 1108 834 iacta

241 888 315 948 aintr
336 903 418 947 meae
431 883 578 960 dignitatis
597 881 749 938 istasunt.
790 877 841 934 'l'u
854 874 973 949 dignior,
982 876 1111 941 ,Verres

241 1005 325 1063 quam
349 979 502 1043 calidius?
528 979 588 1055 qui,
600 984 634 1036 ut
655 995 715 1036 non
739 975 885 1036 conieram
906 974 994 1030 vitam
1017 978 1112 1048 atque

240 1081 485 1139 existimationem
498 1083 577 1136 tuam
587 1095 655 1136 cum
667 1076 762 1134 iilius:
782 1090 876 1148 neque
889 1071 966 1128 enim
979 1075 1024 1126 est
1035 1085 1114 1126 con·

230 1179 373 1260 terenda:
394 1179 450 1235 hoc
462 1179 556 1252 ipsum
577 1177 733 1242 conseram,
751 1189 807 1247 quo
830 1176 860 1228 tu
883 1175 914 1227 te
932 1168 1111 1242 superiorem

239 1277 339 1352 angis:
359 1277 435 1352 quod
449 1277 512 1334 H·S
533 1293 619 1333 nm
633 1273 725 1331 millia
743 1268 923 1336 divisoribus,
941 1271 974 1324 ut
994 1272 1110 1340 praetor

155 1383 160 1394 “
239 1375 445 1443 renuntiarere,
464 1373 591 1442 dedisti3
622 1376 753 1430 trecenta
772 1366 941 1434 accusatori,
959 1363 1029 1423 ⁵ine
1053 1363 1110 1422 tibi

239 1475 354 1533 odiosus
368 1478 454 1532 esset.
474 1489 510 1530 ea
522 1490 554 1530 re
567 1469 729 1529 contemnis
743 1471 903 1543 equestrem
916 1464 1057 1531 ordinem,
1070 1477 1108 1520 ac

238 1569 384 1644 despicis?
397 1587 473 1628 aare
481 1569 631 1645 indignum
642 1567 795 1625 tibivisum
802 1562 1108 1640 est,quidquam‚quod

188 1695 227 1756 21
240 1668 294 1726 tibi
300 1668 586 1743 placeret,0alidium
594 1666 898 1740 potiuahabere‚qnam
907 1660 954 1720 tei
966 1663 1106 1719 iactatae

233 1767 403 1842 jamdudum
411 1767 448 1824 de
457 1765 584 1826 Calidio:
599 1770 696 1824 narrat
703 1763 844 1830 omnibus,
851 1779 883 1820 se
892 1760 1006 1819 emisse.
1027 1759 1107 1817 Num

239 1861 1106 1940 etiamdeL.Papirio‚vir0primariodoeupietehonestoque,
1206 1907 1210 1914 .

240 1966 336 2040 equite
350 1966 483 2021 Romano
496 1963 648 2020 turibulum
662 1957 780 2018 emisti?
800 1959 849 2033 qui
868 1975 921 2032 pro
938 1956 1107 2016 testimonio

239 2063 326 2129 dixit,
339 2067 378 2127 te,
391 2077 458 2117 cuna
478 2060 689 2132 inspiciendum
709 2058 897 2131 poposcissem
915 2054 1029 2114 ”vulso
1047 2071 1106 2113 ern·

239 2161 365 2236 blemate
386 2155 545 2214 remisisse:
565 2161 598 2213 ut
623 2155 804 2230 intelligatis,
817 2157 847 2213 in
869 2155 986 2213 homine
1000 2153 1108 2213 intelli-

239 2256 368 2332 gentiam
386 2272 459 2323 esse,
472 2271 532 2312 non
556 2253 718 2322 avaritiam,
740 2254 855 2312 artificii
876 2254 1023 2327 cupidum,
1046 2269 1107 2314 non

239 2355 351 2430 argenti
363 2355 460 2412 inisse.
500 2353 567 2410 Nee
580 2353 672 2410 solum
685 2350 717 2409 in
731 2352 848 2425 Papirio
865 2351 920 2410 ruit
942 2353 998 2410 hac
1018 2351 1106 2410 absti-

238 2455 361 2514 nentia:
390 2451 484 2508 tenuit
502 2451 558 2508 hoc
579 2450 740 2508 institutum
758 2449 790 2508 in
812 2451 944 2508 turibulis
962 2451 1107 2520 omnibns,

238 2565 433 2627 quaecumque
446 2548 477 2606 in
494 2547 596 2606 Sicilia
605 2547 728 2606 fuerunt.
762 2548 993 2606 Incredibilem
1007 2554 1106 2608 autem

238 2665 325 2726 quam
338 2649 437 2717 muita,
450 2651 480 2705 et
493 2663 578 2724 quam
598 2647 745 2720 praeclara
767 2645 883 2704 inerint.
923 2647 1020 2706 Credo
1033 2652 1106 2716 tum,

238 2765 305 2808 cum
320 2746 425 2806 Sicilia
441 2745 560 2804 florebat
579 2744 680 2817 opibus
699 2749 729 2802 et
749 2744 850 2818 copiis,
864 2761 969 2820 magna
981 2746 1107 2805 artificia
1225 2735 1226 2740 ¹

237 2833 324 2904 inisse
338 2845 369 2903 in
383 2862 418 2902 ea
431 2843 533 2902 insula.
545 2860 613 2901 nam
626 2842 726 2900 domus
738 2846 800 2899 erat
814 2847 881 2900 ante
894 2843 981 2901 istum
991 2847 1106 2918 praeto·

238 2959 299 3000 rem
313 2943 393 2999 nulla
406 2943 502 3013 paullo
516 2940 694 3014 locupletior,
709 2957 764 3014 qua
784 2939 816 2999 in
835 2943 921 3000 domo
944 2943 1019 2999 haec
1043 2960 1107 3002 non

267 3092 291 3128 ⁸⁵
304 3107 334 3142 ne
343 3092 475 3139 tibiodioaua
485 3090 554 3152 soom]
586 3092 702 3153 Exquisite
712 3093 795 3146 dietum
803 3097 1074 3146 neocaesaream.
1084 3111 1110 3146 r.

237 3151 302 3200 clav.
311 3151 334 3198 in
342 3152 365 3198 h.
376 3165 397 3196 v.
409 3154 433 3196 et
442 3151 464 3196 in
482 3149 566 3196 odium
598 3149 679 3206 Paullo
692 3155 743 3212 post
758 3155 808 3201 edd.
827 3169 861 3216 pr.
880 3155 984 3212 Papinio,
1000 3159 1026 3202 ut
1043 3155 1108 3205 Mea.

237 3211 336 3260 Graevii.
367 3209 450 3258 libere
460 3208 572 3270 republica
582 3209 653 3256 nullos
663 3209 715 3257 dum
723 3209 826 3274 Papinius
835 3213 915 3275 reperi.

266 3290 289 3324 ⁵⁶
302 3291 380 3338 muto
389 3288 463 3349 amiud]
495 3287 598 3349 addar.
614 3289 681 3335 malso.
713 3289 748 3336 Ex
762 3305 790 3337 eo
803 3291 885 3338 fartum
899 3292 929 3338 ab
944 3291 1005 3340 alda
1018 3295 1112 3400 rorida
1224 3253 1225 3344 i

236 3346 319 3394 Graer.
331 3349 403 3417 etMs.
415 3362 460 3405 reg.
471 3347 556 3415 proisit
565 3347 658 3416 mondo,
668 3345 715 3395 Ma.
726 3347 769 3396 Gar.
781 3350 850 3398 habet
859 3352 938 3408 euulsa
970 3350 1035 3397 Putet
1046 3349 1076 3397 ill

236 3406 366 3452 motaovarre
375 3409 504 3460 correctum,
530 3419 567 3451 ura
576 3419 645 3452 munus
656 3406 732 3453 tritum
746 3412 836 3455 erutae
851 3414 932 3456 retem
963 3407 1007 3455 seo
1016 3412 1042 3453 et
1053 3410 1111 3456 intr.

236 3465 302 3509 c.2t.
314 3465 447 3518 maenaa,
458 3469 524 3519 epoto
542 3463 730 3524 enervatione.
757 3466 766 3512 1
807 3482 836 3514 ue
844 3469 906 3515 uulso
915 3465 1008 3514 restitui.
1031 3465 1112 3515 Forte

236 3523 261 3566 et
268 3535 318 3566 mox
327 3536 346 3566 c.
354 3524 390 3568 22.
402 3535 442 3581 pro
450 3521 576 3568 anamma
583 3523 697 3572 euellenda
702 3523 745 3574 teri
804 3541 842 3578 um
851 3523 1011 3576 odioadurubi
1019 3528 1046 3572 ct
1054 3525 1114 3576 Mn.

237 3577 294 3638 neg.
305 3579 367 3628 matt.
379 3579 438 3641 quod
445 3575 554 3642 probabat
562 3579 646 3637 Graer.
