2428 4212
250 291 315 356 230
586 287 622 336 [Ν
638 285 783 340 VERREM

251 451 305 496 aex
327 433 484 507 menaibua,
500 431 582 514 (nam
602 433 710 492 tamdiu
733 435 789 492 t'uit
814 437 846 496 in
868 453 987 496 oareere
1001 427 1110 505 Apollo
1207 477 1208 510 ,

251 533 671 612 nlna.)totieaedteaenabrm
682 529 921 588 Panormitanum
935 535 1034 592 adisse
1051 543 1111 600 sup
1207 535 1208 626 l

251 632 439 708 plieemouru
461 631 678 708 magistratibus,
701 623 956 700 sacerdotibusque
982 625 1115 701 publicis.
1207 633 1208 708 l

250 737 382 792 orantem
396 738 481 808 atquo
500 731 707 792 obsecrantem,
726 728 759 782 ut
778 723 933 798 aliquando
951 724 1006 782 ille
1031 725 1119 783 miser
1207 731 1208 738 ’

250 833 337 906 ,εφη
349 831 491 890 inuocem
504 824 668 888 emunitate
676 823 730 882 illa
739 823 917 882 liberaretur.
937 823 1126 898 Relinquunt

250 931 324 988 boec
337 929 450 986 omnia:
470 942 542 1000 quue
554 923 580 981 ei
594 922 688 982 velim
702 923 844 998 persequi,
853 921 939 980 facile
951 923 1125 991 ostendum,

184 1027 189 1040 ⁸
248 1023 525 1082 tuaerudelitatein
538 1021 623 1090 aliua,
636 1039 739 1082 omnes
758 1021 813 1078 tibi
838 1021 932 1080 oditur
956 1018 1122 1078 misericor·
1205 987 1208 1054 i

216 1113 312 1178 fidiae
332 1119 467 1194 judicum
484 1121 664 1196 jampridem
690 1138 754 1180 erae
781 1123 956 1194 praeeluuoe.
1007 1119 1120 1178 Omnia

147 1271 154 1288 ,
244 1217 333 1294 igitur
351 1218 409 1278 ieta
428 1221 592 1279 eoneedam
615 1226 647 1278 et
669 1221 822 1278 remittam.
843 1219 1002 1294 praevideo
1025 1219 1118 1288 enim,

245 1318 315 1394 quid
328 1317 366 1377 eit
378 1318 548 1378 defensurus
562 1319 743 1378 Hortensius.
764 1317 909 1386 fatebitur,
929 1319 1005 1390 upud
1027 1317 1119 1376 istum

246 1435 341 1493 neque
355 1424 536 1478 senectutem
559 1419 659 1492 patrie,
683 1435 778 1493 neque
800 1417 1029 1476 adolescentiam
1052 1417 1117 1486 lilii,

245 1533 340 1590 neque
353 1518 518 1590 lachrymae
531 1517 677 1591 uniusque
691 1520 754 1590 plue
776 1515 913 1584 valuieae,
935 1533 1021 1591 quam
1039 1515 1117 1573 utili·

245 1617 345 1682 tutem,
368 1616 548 1690 salutemque
571 1615 763 1690 provinciae:
792 1616 882 1684 dicet,
906 1615 1115 1688 rempublicam
1208 1693 1209 1696 Ἴ

244 1711 440 1772 administrari
451 1713 516 1772 eine
529 1719 609 1772 metu
622 1731 657 1774 ae
667 1714 825 1772 severitate
839 1731 898 1772 non
912 1731 1014 1787 posse:
1029 1731 1113 1791 quae·

245 1816 300 1881 ret,
322 1814 508 1887 quamobrem
520 1813 615 1870 laooee
638 1812 814 1886 praetoribus
836 1813 1042 1885 praeferantur,
1063 1829 1113 1870 eur

245 1927 361 1968 aeourea
373 1913 469 1978 datae,
482 1928 535 1968 eur
547 1927 647 1968 ooroer
659 1911 836 1978 aedificatna,
850 1927 902 1968 our
912 1916 954 1968 tot
969 1911 1113 1986 supplicia

244 2006 304 2063 rint
330 2007 363 2062 in
388 2007 533 2077 improbos
560 2023 639 2063 more
666 2008 805 2080 mqjorum
836 2007 1016 2068 constituta?
1039 2027 1113 2087 quae

243 2117 310 2158 oum
320 2101 418 2156 omnia
431 2101 559 2174 graviter
569 2120 730 2178 severeque
749 2105 874 2164 dixerit:
895 2125 1042 2182 quoeraru,
1060 2126 1113 2167 eur

243 2199 321 2258 buno
334 2199 459 2256 eundem
475 2201 664 2272 Apollonium
672 2203 781 2262 Verres
791 2205 879 2274 idem,
888 2213 1018 2280 repente,
1031 2210 1111 2268 nulla

242 2314 322 2356 nova
335 2315 366 2354 re
379 2300 476 2366 allata,
490 2301 570 2358 nullo
580 2301 757 2372 defensione,
766 2305 829 2362 aine
844 2323 934 2363 nauso
941 2307 979 2364 de
992 2325 1110 2366 eareere

243 2396 339 2454 emitti
347 2393 487 2468 jusserit?
507 2401 675 2475 tentumque
685 2401 716 2459 in
730 2403 787 2460 boo
800 2403 924 2462 erimine
938 2405 1110 2479 suspicionis
1209 2453 1210 2456 ,

237 2511 308 2550 -eeee
320 2495 475 2563 affirmabo,
489 2499 521 2552 ut
533 2496 597 2568 jem
610 2498 681 2570 ipeie
702 2499 859 2572 judicibus,
873 2503 937 2561 eine
950 2522 1018 2562 mea
1031 2523 1110 2581 argu-
1209 2493 1210 2518 ³

242 2593 432 2662 mentatione,
445 2593 642 2668 conjecturem
661 2598 756 2656 lacere
776 2600 949 2672 permittam,
963 2605 1040 2678 quod
1054 2606 1109 2663 boo

242 2709 334 2768 genua
353 2694 520 2766 praedandi,
542 2713 627 2770 quom
647 2696 817 2770 improbum,
840 2717 926 2773 quam
947 2701 1108 2776 indignum,

242 2807 383 2866 quamque
397 2794 434 2848 ud
448 2793 676 2866 magnitudinem
699 2803 832 2869 quaestus
852 2798 1026 2858 immensum
1047 2801 1108 2858 infi-

223 2911 224 2916 ’
239 2886 390 2960 nitumque
405 2905 469 2945 esee
483 2890 624 2949 videatur.
660 2894 738 2950 Nam
751 2912 824 2968 quae
837 2895 893 2952 iste
908 2897 939 2954 in
949 2899 1108 2972 Apollonio

241 2981 321 3050 lecit,
335 2999 370 3038 ee
381 2984 502 3055 primum
515 2987 643 3045 breviter
655 2993 834 3064 cognoscite,
854 3001 922 3068 quot
945 3000 976 3054 et
999 3003 1110 3072 quanto

241 3079 315 3138 rint:
336 3081 441 3138 deinde
453 3083 525 3142 bueo
534 3087 692 3158 expendite
706 3095 791 3166 atque
805 3092 956 3150 aestimate
970 3097 1110 3168 pecunia.

241 3179 399 3254 reperietis,
413 3180 523 3240 ideirco
537 3185 609 3242 haec
624 3186 654 3242 in
668 3204 726 3244 uno
745 3191 862 3248 homine
882 3193 1046 3265 pecunioso
1064 3200 1113 3254 tot

240 3280 407 3350 constituta,
419 3286 451 3339 ut
464 3282 568 3340 oeteria
581 3284 746 3345 formidines
760 3289 897 3348 aimilium
910 3292 1114 3351 incommodo-

223 3375 225 3386 '
240 3391 304 3432 rum
316 3381 402 3451 atque
416 3385 550 3455 exempla
559 3385 748 3456 periculorum
762 3395 996 3460 proponerentur.
1017 3391 1040 3424 ²³
1049 3393 1119 3454 Pri·

268 3525 292 3560 Ν
308 3525 569 3590 rememoratura,
579 3539 622 3582 ete.
664 3537 707 3586 Eut
715 3553 759 3586 una
768 3540 854 3601 longior
862 3543 1032 3615 eomprebeurio
1084 3562 1124 3597 ue
1209 3569 1210 3592 r

238 3585 608 3712 inibimffissiiilm
722 3602 888 3662 mue...
901 3609 1014 3664 ΨΜ*
1058 3605 1125 3658 ’“’
