2418 4208
235 305 300 367 3⁰4
563 297 756 354 fflVssRREM
866 320 873 334 ·

233 465 341 524 poenus
355 449 388 508 vi
405 447 428 486 '¹⁸
437 449 576 525 repetisse
588 452 745 519 videretur,
758 463 828 525 ques
838 445 950 506 veritur
962 452 1047 516 esset,
1056 465 1091 505 ue

230 547 287 606 iste
301 548 421 625 legibus,
435 557 466 611 et
477 555 578 609 vestro
593 550 706 626 judicio
718 565 779 608 non
800 551 877 606 esset
894 549 1088 621 persolutum

231 645 329 715 Nunc,
342 649 479 725 quonism
486 650 551 726 jam
564 652 742 725 exploratum
752 651 799 705 est
811 646 954 714 omnibus,
965 663 1022 720 qno
1030 647 1089 703 loco

229 761 317 804 ceusu
329 751 381 806 tuo
393 749 440 818 sit,
451 753 490 819 et,
504 749 573 825 quid
585 747 622 806 rie
636 747 759 805 futurum
772 745 823 804 sit:
838 745 882 803 sic
892 747 990 802 tecum
1000 759 1088 818 egem.

230 843 360 904 (levium
376 845 471 916 istum,
485 865 569 922 quem
582 846 765 920 repentinum
783 845 994 920 speculatorem
1004 841 1090 899 luisse

227 941 312 1013 uicis,
325 947 484 1014 ostendam,
498 947 529 1003 in
542 945 696 1004 lautumias
709 944 863 1019 Syracusis
877 959 896 1000 u
908 947 939 1000 te
948 959 1011 1000 esse
1025 957 1090 998 con·

220 1039 350 1113 Jrctnm:
371 1059 464 1120 neque
477 1043 508 1102 id
521 1044 614 1102 solum
628 1062 667 1102 ex
679 1043 786 1101 litteris
803 1043 957 1100 ostendum
970 1041 1088 1115 Syracu·

225 1155 373 1198 sanorum:
394 1157 434 1200 ne
456 1143 550 1217 possis
574 1143 682 1211 dicere,
701 1161 759 1211 me,
780 1143 850 1218 quio
871 1141 911 1199 sit
934 1139 1037 1214 aliquis
1057 1137 1089 1197 iu

224 1235 329 1295 litteris
343 1239 468 1309 Gavius,
482 1242 538 1300 hoc
551 1234 661 1316 lingere
674 1246 705 1298 et
717 1241 826 1316 eligere
839 1255 957 1306 nomeu,
969 1241 1002 1296 nt
1014 1239 1088 1295 bunc

224 1333 307 1394 illurn
328 1355 392 1396 esse
416 1340 523 1412 possim
544 1339 663 1398 dicere:
694 1341 746 1396 seri
765 1337 923 1396 secunlum
942 1337 1089 1394 arbitrium

223 1439 304 1492 tunm
318 1439 406 1494 testes
419 1437 504 1505 dubo,
517 1437 566 1513 qui
576 1437 662 1495 istum
676 1436 770 1510 ipsum
785 1433 938 1510 Syracusis
950 1435 1044 1492 ron-te
1057 1435 1089 1492 i·

219 1533 373 1590 lautumias
385 1536 550 1609 conjectum
564 1553 628 1593 esse
641 1535 751 1593 dicent.
765 1536 920 1609 producam
931 1533 1023 1592 etium
1036 1533 1090 1592 ilo·

220 1633 315 1699 s'unos,
333 1633 498 1708 municipes
517 1633 600 1692 illisis
620 1647 655 1692 uc
676 1631 865 1700 necessarios,
885 1632 935 1708 qni
958 1635 989 1690 te
1010 1647 1087 1692 nunc

218 1745 285 1790 sero
307 1729 577 1808 doceantfjudices
600 1750 660 1791 non
682 1747 756 1801 sero,
778 1729 862 1790 ilium
889 1731 923 1789 P.
949 1730 1089 1800 flurin,

220 1833 307 1906 quem
319 1835 351 1889 tu
363 1832 395 1890 in
408 1847 525 1890 crucem
536 1832 632 1907 egisti,
646 1831 743 1889 civem
758 1831 932 1898 Romanum,
944 1834 976 1888 et
994 1829 1084 1887 muni·

219 1926 316 2002 cipem
328 1927 483 1999 Cosanum,
493 1947 552 1988 non
566 1933 777 2004 speculatorem
789 1929 977 2002 lugitivorum
989 1929 1085 1985 bisse.

166 2017 208 2078 64
220 2025 295 2083 Cum
321 2025 395 2083 haec
418 2027 526 2094 omnis,
549 2045 623 2101 quse
653 2028 803 2101 polliceor,
826 2029 972 2084 cumulate
991 2025 1016 2059 π
1029 2026 1087 2084 tuis

215 2121 354 2196 proximis
374 2125 462 2198 plana
475 2123 588 2182 lecero:
609 2127 670 2183 ium
684 2125 759 2183 istuc
774 2127 868 2200 ipsum
880 2126 994 2192 tenebo,
1008 2123 1089 2198 quoti

215 2219 267 2278 abs
281 2225 311 2278 te
322 2222 394 2280 mihi
404 2223 495 2281 detur.
511 2241 548 2282 eo
560 2227 730 2282 contentum
745 2239 792 2282 me
803 2240 867 2286 esse
878 2224 982 2282 dicent.
1004 2222 1087 2295 stuic

215 2319 295 2378 enirn
321 2337 412 2395 nuper
437 2327 467 2379 tn
491 2321 563 2397 ipse,
584 2339 651 2380 cum
677 2324 774 2396 populi
801 2319 927 2381 Romani
954 2325 1086 2381 clamore

214 2421 300 2492 atque
321 2417 430 2494 impetu
453 2421 632 2493 perturbatus
646 2420 799 2489 exsiluisti,
809 2421 887 2496 qnid,
900 2421 1027 2496 inquam,
1041 2421 1091 2502 lo¹

213 2523 296 2572 cutus
320 2535 350 2573 es
366 2511 380 2574 i
411 2517 506 2586 illum,
528 2519 604 2592 quod
625 2535 733 2576 moram
755 2519 902 2593 supplicio
921 2525 1087 2594 quaereret,

212 2613 280 2672 ideo
294 2615 468 2685 clamitasse,
479 2633 511 2673 se
524 2633 588 2674 esse
602 2617 700 2674 civem
713 2617 893 2675 Romanum:
914 2620 967 2675 recl
981 2632 1085 2693 specu·

211 2715 332 2772 intorem
343 2715 439 2774 luisse.
468 2713 536 2772 Jam
550 2716 608 2773 mci
622 2719 710 2773 testes
725 2715 789 2772 veri
803 2721 878 2774 suut.
907 2717 990 2788 Quiri
1000 2715 1087 2775 enim

210 2811 283 2870 dicit
305 2815 383 2870 alind
418 2809 453 2871 O.
463 2801 467 2810 ’
479 2810 681 2873 Numitorius?
710 2814 778 2888 quid
799 2813 845 2873 M.
870 2821 900 2872 et
919 2815 953 2872 Ρ.
980 2815 1087 2884 cocu,
1149 2877 1152 2886 ,

208 2907 383 2967 nobilissimi
405 2898 548 2987 homines,
564 2929 602 2969 ex
624 2930 693 2986 egro
715 2911 982 2972 Tourominitano?
1010 2913 1084 2989 quiri

209 3005 246 3082 Q.
261 3005 395 3079 LuceJns,
405 3007 453 3080 qui
465 3000 486 3038 '¹⁸
497 3009 688 3080 argentoriam
700 3008 807 3086 Rhegii
815 3011 975 3070 maximum
987 3007 1083 3070 lecit?

207 3104 275 3182 quid
284 3098 396 3164 ceteri?
417 3103 524 3162 Adhuc
533 3104 614 3163 euim
622 3109 710 3165 testes
720 3127 758 3166 err
768 3127 804 3167 eo
811 3113 1084 3186 generesmemt

234 3256 515 3332 ”recum-1
542 3257 1084 3336 mannasse-entorses*

204 3325 683 3436 aebwffiumtp‘wffi
691 3325 844 3376 mtoesdsme.
875 3325 914 3374 bru
923 3325 1046 3376 maol·
1054 3337 1086 3372 sn

229 3453 260 3490 nt
272 3453 441 3522 meminis]
458 3471 480 3504 r.
491 3457 593 3508 esven.

233 3533 256 3570 ²⁸
269 3531 584 3601 «remurmurantes
614 3537 743 3598 Ausucitl‘
