2418 4208
221 297 286 358 26⁰
551 287 585 336 m
600 286 742 338 vuRudM

221 439 298 498 eium
316 453 420 504 meum,
439 452 495 512 qno
516 435 629 494 iaeitius
644 435 756 494 erimen
777 432 962 494 inimieorum
977 435 1084 494 diluere

221 554 344 612 possem,
369 536 471 594 vivum
493 540 578 610 atque
601 533 776 592 ineolumem
794 533 954 590 reservavi.
1004 535 1085 592 itane

222 633 313 693 vero?
334 639 365 692 tu
390 640 438 692 tua
460 634 587 708 pericula
610 632 755 690 communi
776 631 906 705 periculo
929 631 1086 693 defendes?

221 738 252 792 tu
265 733 417 807 supplicia,
436 751 509 807 quae
523 734 663 789 debentur
680 730 809 788 hostibus
831 731 928 799 vietis,
947 734 984 788 ad
1000 737 1086 801 tuum,

221 849 281 891 nun
308 835 346 891 ad
372 831 470 906 pepuli
504 830 629 889 Romani
661 836 773 902 tempus
805 827 957 887 conferes?
985 828 1087 904 popuii

223 932 349 990 Romani
376 932 466 988 hostis
493 929 611 1004 privatis
639 927 778 985 custodiis
807 925 1020 985 asservabituri
1043 929 1088 985 At

222 1031 310 1088 etiam
324 1030 371 1104 qui
391 1029 576 1102 triumphant,
594 1025 717 1100 “eoque
735 1025 842 1084 diutius
857 1025 943 1083 vivos
962 1027 1087 1083 hostium

221 1130 310 1186 duces
323 1132 450 1195 servant,
464 1132 506 1194 ut,
519 1127 565 1183 his
580 1145 632 1200 per
645 1126 821 1198 triumphum
834 1127 940 1194 ductis,
956 1128 1085 1201 pulcher-

221 1225 325 1282 rimum
350 1227 558 1299 spectaculum,
584 1225 762 1298 truciumque
794 1224 936 1282 victoriae
968 1231 1086 1302 populus

223 1324 371 1382 Romanus
397 1325 546 1398 percipere
573 1323 679 1397 possit:
702 1328 799 1380 tamen
823 1339 891 1380 eum
912 1325 949 1380 de
973 1325 1036 1384 foro
1057 1329 1087 1386 in

224 1424 403 1496 Capitolium
427 1441 539 1481 currum
562 1423 678 1479 flectere
701 1421 855 1492 incipiunt,
876 1422 943 1479 iilos
968 1424 1038 1481 duci
1060 1426 1088 1482 in

223 1522 498 1592 earceremjubent:
519 1520 652 1592 idemque
667 1519 729 1575 dies
744 1523 774 1575 et
788 1519 945 1577 victoribus
967 1523 1089 1596 imperii,

223 1623 252 1674 et
268 1617 355 1674 vietis
371 1617 449 1674 vitae
463 1618 550 1674 finem
561 1617 640 1674 iacit.
680 1615 702 1647 Μ
712 1616 752 1672 Et
767 1635 843 1674 nune
855 1619 990 1693 cuiquam
1005 1623 1090 1680 ereda

223 1735 286 1773 esse
314 1716 440 1784 dubium,
467 1717 536 1790 quin
564 1721 595 1772 tu
622 1715 651 1772 id
679 1715 882 1773 commissurus
904 1735 963 1776 non
997 1719 1090 1788 fueris,

223 1817 391 1890 praesertim
416 1833 482 1872 eum
504 1814 661 1881 statuisses,
684 1819 716 1870 ut
743 1813 805 1881 ais,
820 1815 874 1872 uni
890 1833 1009 1876 eausam
1029 1839 1091 1876 esse

223 1916 387 1982 dicendam,
402 1920 433 1971 ut
446 1915 497 1971 ille
511 1913 686 1988 archipirata
702 1935 760 1974 non
782 1915 875 1989 potius
889 1917 986 1974 securi
999 1918 1091 1976 serire-

224 2019 278 2080 tur,
291 2031 385 2085 quum,
396 2013 471 2084 quod
485 2017 547 2068 erat
561 2017 629 2069 ante
643 2017 741 2072 oeulos
756 2014 889 2089 positum,
900 2017 950 2071 tuo
964 2016 1090 2088 perieui'o

224 2111 348 2168 viveret.
392 2112 426 2166 Si
439 2110 519 2166 enim
537 2116 615 2167 esset
635 2119 771 2181 mortuus,
782 2118 822 2181 tu,
840 2113 894 2187 ,qui
916 2113 1029 2172 crimen
1049 2115 1091 2172 ais

223 2213 253 2266 te
272 2207 418 2276 metuisse,
442 2226 556 2282 quaero,
580 2211 629 2268 eui
657 2209 817 2285 probares?
846 2229 912 2267 aum
936 2219 1092 2280 constaret,

223 2307 311 2366 istum
334 2308 485 2382 Syracusis
508 2310 545 2365 ab
568 2313 648 2367 nulio
670 2311 765 2367 visum
790 2328 853 2367 esse
875 2309 1094 2382 archipiratam,

224 2410 262 2466 ab
275 2407 406 2465 omnibus
420 2407 631 2465 desideratum:
651 2426 718 2473 cum
742 2409 887 2465 dubitaret
905 2427 1004 2477 nemo,
1023 2410 1093 2484 quin

225 2509 275 2562 aba
300 2511 329 2561 te
350 2505 474 2577 peeunia
502 2504 636 2562 liberatus
659 2512 752 2563 esset:
783 2525 851 2564 eum
875 2509 964 2580 vulgo
998 2509 1097 2582 ioque-

224 2608 330 2670 reutur,
344 2602 522 2676 suppositum
543 2603 574 2659 in
589 2605 650 2677 ejus
665 2607 769 2672 tonum,
784 2622 869 2679 quem
893 2622 946 2678 pro
958 2606 1012 2662 iilo
1032 2625 1096 2680 pro-

191 2769 196 2784 Ι
225 2705 293 2760 bare
316 2691 429 2759 velles:
451 2718 516 2758 cum
546 2706 606 2758 tute
635 2704 725 2760 iussus
748 2721 836 2770 esses,
866 2708 896 2760 te
916 2703 948 2760 id
980 2704 1097 2763 crimen

145 2812 154 2823 ‘
225 2802 307 2860 tanto
328 2808 396 2859 ante
420 2801 569 2857 metuisse:
593 2801 618 2857 si
639 2819 705 2858 eum
723 2801 835 2858 diceres
857 2819 921 2858 esse
941 2809 1097 2872 mortuum,

224 2954 383 3056 triirireeriswdeii.
392 2953 1101 3071 qurgassntqqoegqagnqqsecqqqqqoqqeqqqegffitqqqrtrffi

225 3068 311 3129 periodi
324 3083 366 3114 non
377 3069 466 3128 patitur.
486 3083 535 3114 nam
547 3073 619 3115 tumen
628 3071 722 3118 retertur
733 3073 762 3118 ad
771 3073 891 3130 subjeetum
901 3071 940 3131 qui
948 3073 1100 3130 triumphuni,

225 3133 266 3173 etr.
298 3127 357 3174 'I'urn
366 3127 478 3173 nimanon
493 3127 576 3188 patitur
591 3126 635 3187 legi
652 3133 818 3190 reservaresed
834 3145 921 3178 aarum
937 3132 1040 3192 requirit„
1075 3133 1102 3180 si

225 3187 285 3234 uiuos
294 3186 360 3244 absit,
371 3186 494 3234 concedam.

255 3267 278 3300 ⁹⁷
294 3265 326 3312 Et
342 3280 404 3313 nuuc
422 3265 525 3326 euiqssum
541 3266 603 3312 erede
621 3281 663 3312 esse
679 3268 792 3328 dubium]
831 3267 874 3314 Est
890 3266 1007 3314 manifeste
1020 3267 1102 3313 oratio

225 3325 324 3370 ironica:
347 3325 393 3382 ejus
415 3326 486 3371 forma
500 3325 599 3382 legitima
616 3326 717 3386 requirit,
735 3327 843 3373 Etanna
860 3341 877 3371 c.
903 3340 921 3370 e.
939 3329 969 3372 est
988 3326 1103 3373 dubium.

225 3382 288 3429 Libri
298 3384 365 3428 valde
380 3387 492 3431 fluctuant.
524 3382 582 3430 Edd.
603 3400 636 3446 pr.
653 3385 813 3432 Etanncrede
827 3399 870 3431 esse
884 3384 987 3430 dubium
1006 3384 1101 3432 Aldus:

226 3445 247 3485 et
255 3454 317 3486 nunc
325 3455 342 3486 e.
355 3455 397 3487 esse
406 3444 428 3488 d.
460 3443 485 3489 P.
497 3442 613 3490 Manutius
626 3447 684 3492 tatu
695 3449 724 3490 est
733 3459 794 3492 nuuc
803 3443 866 3490 eredo
875 3443 978 3502 cuiquem
988 3443 1103 3500 dubium,

226 3498 373 3604 qugerqurrnulti
391 3500 460 3546 secuti
475 3505 532 3548 aunt.
548 3502 634 3550 melius.
672 3503 794 3562 Vulgutum
809 3501 899 3564 quidem
917 3501 1022 3548 vitiosum
1039 3501 1104 3548 mihi

227 3573 248 3604 vr
315 3589 322 3600 .
