2486 4212
183 377 188 384 .
228 325 290 388 m
554 311 749 366 ffl-Vfflffl

227 485 343 545 remque
364 466 506 538 reddidit3
525 463 679 540 praecipue
702 459 778 536 quod
791 458 823 516 in
845 453 892 514 hia
913 452 1023 512 ortibus
1042 469 1101 526 pr·

189 581 191 588 ’
227 587 293 628 mea
302 573 384 643 porte
402 583 509 633 versor,
521 581 638 640 quarum
652 563 703 620 ille
716 558 852 634 princeps
864 553 928 622 suit,
942 551 1100 626 aequitate,

118 745 123 758 ¹
228 668 379 736 industria,
407 664 607 740 temperantia,
630 658 801 718 miratione
825 654 1006 718 miserorum
1029 649 1102 726 odio

228 759 438 842 improborum:
459 782 532 840 quas
546 759 681 836 cognatio
695 757 854 816 studiorum
866 758 897 810 et
910 750 1026 818 artium,
1034 765 1099 822 pro·

176 903 217 964 33
228 869 383 942 pemodum
395 884 453 924 noa
464 864 559 923 mimus
572 867 617 919 est
629 860 795 934 conpacta,
803 871 891 930 quam
902 851 967 918 ista,
978 866 1035 924 qua
1043 864 1102 906 voa

191 1025 196 1036 ,
228 964 426 1032 delectamini,
449 961 564 1038 generis
594 966 625 1018 et
651 955 785 1016 nominis.
835 953 950 1024 llepcto
977 949 1028 1004 abs
1056 950 1099 1014 te,

229 1067 347 1131 Verres,
368 1065 583 1120 monumentum
605 1059 639 1116 P.
666 1053 818 1114 Africanis
841 1065 963 1109 causam
984 1045 1101 1104 Siculo·

229 1181 300 1230 rum,
322 1178 409 1236 quem
428 1159 552 1232 suscepi,
576 1158 723 1229 relinquo:
738 1151 883 1228 judicium
905 1149 942 1206 oo
965 1142 1102 1219 pecuniis

229 1261 399 1336 repetundis
408 1259 557 1316 oeaitltoc
571 1262 716 1328 tempore:
738 1254 961 1325 Segestanorum
973 1242 1101 1316 iujuriae

229 1361 429 1434 negligantur:
449 1357 526 1415 basis
551 1355 585 1412 P.
602 1351 736 1412 Africani
754 1348 936 1406 restituatur:
956 1341 977 1374 ⁰⁶
989 1356 1102 1400 nomem

230 1459 338 1518 invicti
359 1455 539 1530 impumtatis
562 1453 721 1510 incidatur:
742 1447 856 1521 signum
874 1441 1104 1518 pulcherrimum

231 1557 412 1628 Karthagine
426 1559 544 1627 captum
565 1554 728 1624 reponatur.
769 1547 852 1604 Haeo
866 1545 917 1602 aba
937 1548 967 1600 te
980 1558 1042 1599 non
1057 1537 1101 1598 Si·

231 1656 362 1712 culorum
381 1653 523 1719 defensor,
536 1667 596 1708 non
610 1653 674 1706 tuus
690 1651 922 1714 cenomannos
944 1637 1102 1714 Segestani

231 1754 397 1827 permina
421 1753 472 1808 sed
484 1750 520 1818 is,
534 1748 582 1824 qui
596 1749 712 1806 larrderu
724 1744 901 1820 gloriamque
915 1741 949 1798 P.
966 1735 1102 1798 Africani

232 1853 370 1910 mendam
383 1835 667 1921 corservanrlamque
680 1843 816 1918 suscepit.
855 1841 926 1899 Non
939 1854 1052 1904 vereor,
1062 1852 1101 1894 ua

233 1951 290 2009 hoc
303 1951 430 2011 cilicium
444 1965 540 2006 meum
564 1946 598 2004 P.
621 1943 748 2002 Servilio
763 1939 859 2014 judici
882 1956 942 1997 noo
965 1937 1101 2010 probem

233 2050 284 2124 qui
297 2065 363 2105 cum
376 2061 421 2104 res
432 2046 574 2108 maximas
587 2043 717 2118 gesserit,
725 2042 968 2112 monumentaque
976 2033 997 2068 Π
1007 2049 1102 2092 rorum
1130 2049 1139 2062 ⁸

176 2188 186 2210 .
234 2163 349 2206 marum
363 2144 558 2203 cummaxime
567 2143 733 2210 constituat,
747 2147 833 2216 atque
846 2139 878 2196 iu
890 2138 935 2195 his
949 2137 1101 2194 elaboret:

235 2243 366 2320 prolecto
389 2245 470 2300 volet
491 2243 565 2300 haec
586 2257 645 2300 nou
669 2243 762 2301 solum
780 2239 838 2296 suis
855 2237 986 2311 posteris,
998 2248 1101 2290 verum

235 2333 327 2403 ctiam
339 2342 470 2400 omnibus
484 2341 557 2399 viris
570 2340 688 2398 fortibus
712 2343 742 2396 et
762 2337 847 2396 bouis
868 2335 983 2394 oivtous
1004 2331 1106 2390 delen·

235 2443 412 2509 cantianos
433 2440 583 2512 apolicam
596 2437 732 2511 improbis
746 2437 867 2494 tradere.
909 2434 980 2490 Non
989 2446 1102 2498 vescon

237 2559 275 2598 no
289 2539 352 2606 tini,
367 2540 404 2610 Q
424 2539 538 2602 Catule,
560 2536 722 2610 displiceat,
735 2535 819 2610 cujus
842 2520 1051 2608 amplissimum
1071 2527 1104 2586 iu

236 2639 306 2696 orbe
319 2642 466 2705 terrarum,
477 2635 722 2711 clarissimumque
730 2638 945 2692 monumentum
954 2637 1007 2698 est,
1018 2645 1104 2705 quam

234 2737 374 2812 murimos
388 2753 452 2793 osse
466 2735 601 2794 custodes
615 2738 872 2800 monumentorum,
886 2737 916 2788 et
932 2735 1032 2804 putore
1045 2745 1106 2785 om·

238 2853 290 2894 nes
315 2837 406 2896 bonos
429 2835 544 2890 alienae
567 2833 675 2906 gloriae
699 2831 897 2890 defensionem
918 2829 955 2885 ad
977 2826 1106 2884 officium

239 2949 321 2990 auum
334 2931 488 3004 pertinere.
529 2931 568 2986 ut
581 2931 696 3005 quidem
710 2929 814 2988 ceteris
827 2928 910 2986 istius
923 2925 1005 2983 lurtis
1019 2929 1107 3002 atque

239 3027 358 3103 flagitiis
371 3027 416 3084 ita
429 3045 558 3092 moveor,
572 3031 604 3084 ut
617 3045 652 3084 ea
665 3029 903 3100 reprehendenda
921 3031 1034 3083 tuntum
1057 3041 1109 3096 pu·

239 3133 314 3186 tera:
335 3126 385 3185 hic
405 3142 477 3184 vero
500 3129 582 3184 tanto
601 3127 700 3184 dolore
722 3127 840 3194 afficior,
854 3129 885 3182 ut
906 3121 1012 3183 l'nihil
1032 3122 1110 3181 milri

147 3335 149 3344 s
239 3280 604 3403 ogpmsnocosmtmpp
635 3280 693 3329 Mna
704 3281 749 3328 ouo
758 3281 811 3328 bons
826 3279 913 3336 onom,
923 3240 1113 3326 susurremus

269 3420 291 3453 Π
305 3435 382 3468 rerum
391 3421 503 3482 mrum]
533 3419 600 3468 Male
614 3419 722 3468 Graevius
738 3423 761 3466 et
776 3417 823 3466 Me.
834 3431 879 3476 reg.
888 3415 976 3464 addidit
984 3417 1114 3472 gnomon,

238 3481 266 3526 nt
274 3482 298 3524 et
307 3484 340 3523 est
350 3479 371 3525 ic
381 3481 428 3526 Ma.
439 3480 483 3526 (iu.
492 3479 584 3526 deberet
593 3493 663 3526 osseo
677 3493 699 3526 se
711 3483 829 3536 mmmm
846 3479 870 3522 et
889 3489 933 3524 uon
951 3475 1009 3522 bene
1028 3477 1117 3520 amant

238 3535 293 3584 illae
301 3541 337 3582 tot
344 3535 425 3584 similes
435 3537 554 3583 clausulae.

268 3615 290 3654 Β
304 3615 365 3687 crioil
373 3613 686 3684 tniln'indigat'msertodom
695 3615 752 3676 sad]
777 3611 906 3662 Graeviuse
913 3611 962 3660 trs.
973 3610 1034 3670 regio
1044 3610 1119 3662 uouit

239 3688 300 3726 nm.
310 3674 438 3735 musteus,
448 3673 646 3734 Masonem.
657 3674 717 3735 quod
733 3677 757 3720 et
771 3677 805 3722 eat
820 3673 843 3722 lu
861 3673 905 3722 tiu.
917 3671 1030 3731 eleganter
1045 3683 1118 3719 rane.
