2428 4212
233 307 297 370 1⁹4
569 301 603 352 at
621 295 764 352 venanti

230 447 325 523 ipsam
338 445 476 510 ceram
488 447 631 524 proticisci
646 447 823 510 viderentur.
865 447 1095 512 naumurum

229 545 346 608 diutius·
386 545 506 606 Etenim
518 545 688 620 jamdudum
710 562 822 612 versor,
845 565 885 602 ne
909 550 1005 608 oratio
1025 557 1098 610 maa,

189 644 192 653 ²
230 643 328 704 alim
349 644 387 702 ab
403 644 579 717 iudiciorum
601 641 720 708 ratione,
733 643 762 694 et
786 639 957 711 quotidiana
981 640 1103 702 dicendi

229 742 450 806 mammatae,
462 757 526 798 essa
539 740 680 796 videatur.
721 735 788 792 Hoc
807 735 886 802 dico,
898 734 977 796 hanc
1004 741 1106 812 ipsam

230 837 377 907 Cererem,
398 835 634 914 antiquissimam,
655 832 911 908 religiosissimam,
933 832 1109 908 principem

228 937 358 998 omnium
367 949 520 1000 sacrorum,
533 948 607 1006 quae
620 933 698 1006 apud
709 947 811 990 omnes
830 935 932 1004 gentes
951 931 1109 990 nationes·

228 1033 378 1108 quatiunt,
391 1047 410 1088 a
428 1031 465 1088 0.
478 1030 572 1088 Verre
592 1048 631 1088 ex
644 1029 704 1088 suis
718 1028 835 1103 templis
848 1043 885 1086 ao
898 1026 1014 1116 sedibus
1031 1045 1108 1086 osae

227 1129 380 1186 anthim.
402 1127 462 1200 Qui
474 1127 641 1188 accessistis
651 1127 777 1194 Ennam,
786 1125 901 1185 vidistis
915 1125 1108 1186 simulacrum
1190 1131 1191 1208 1

228 1225 346 1288 uereri·
359 1244 377 1284 a
390 1243 542 1296 marmore,
561 1232 593 1286 et
604 1227 637 1285 iu
650 1228 742 1284 attero
755 1226 864 1298 tempto
877 1223 1012 1284 Liberae.
1033 1226 1106 1283 sunt
1190 1225 1191 1262 t

228 1342 267 1386 aa
286 1329 436 1401 perampla
458 1334 544 1401 atque
568 1327 724 1399 praeclara,
749 1324 800 1382 sed
824 1339 884 1380 uon
907 1321 950 1380 ita
971 1321 1103 1397 antiqua.

230 1424 281 1486 Ex
294 1443 361 1484 aare
370 1424 425 1484 tuit
437 1425 579 1499 quoddam
593 1423 708 1481 modica
725 1420 927 1495 amplitudine,
946 1435 981 1478 ac
1004 1419 1104 1496 singu-

230 1522 287 1582 lari
298 1539 396 1596 opere,
409 1539 476 1580 cum
488 1521 607 1588 facibus,
618 1522 827 1596 perantiquum,
838 1519 967 1580 omnium
976 1520 1103 1590 illorum,

230 1636 305 1696 quae
318 1623 386 1678 sunt
398 1619 431 1678 iu
444 1636 480 1678 eo
492 1618 569 1688 iano,
589 1621 679 1678 mutto
701 1619 941 1694 antiquissimum.
983 1620 1027 1678 ld‘
1043 1637 1102 1680 aus

231 1719 317 1790 tutit;
338 1735 373 1778 ac
386 1723 701 1780 tamaueocoutantus
720 1717 854 1778 nonfuit
896 1719 977 1776 Ante
997 1720 1102 1786 aedem

234 1817 350 1880 Cereris
363 1819 395 1876 in
409 1824 509 1892 aperto
531 1834 568 1876 ao
589 1819 739 1891 propatulo
756 1819 823 1876 ioco
844 1815 927 1890 signa
947 1818 1006 1874 duo
1026 1821 1102 1884 sunt,

235 1917 351 1978 cereris
375 1933 473 1984 uuum,
494 1917 616 1974 alterum
640 1915 825 1987 Triptolemi,
850 1920 880 1971 et
899 1915 1101 1988 pulcherrima,
1190 1969 1191 1990 ,

234 2019 267 2072 st
287 2016 444 2086 pampus.
485 2012 542 2069 uu
572 2011 756 2084 pulchritudo
781 2012 921 2086 pertento,
944 2011 1102 2086 amplitudo
1190 1993 1191 2079 1

233 2109 322 2166 calmi
343 2107 408 2175 tuit,
430 2109 504 2181 quod
528 2124 627 2166 eorum
650 2109 800 2168 demolitio
830 2117 916 2186 atque
945 2111 1101 2186 asportatio

234 2204 412 2280 perdifficilis
435 2204 595 2266 videbatur.
638 2207 796 2266 insistebat
817 2208 849 2266 in
874 2227 960 2268 mauu
985 2209 1099 2270 Cereris

233 2305 337 2362 dextra
349 2303 532 2362 airnulacrum
544 2305 736 2377 pulcherrime
750 2306 858 2364 iactum
872 2306 1033 2378 Victoriae.
1046 2308 1100 2366 hou

232 2401 290 2460 iste
299 2421 318 2459 e
328 2403 411 2475 signo
422 2401 536 2460 Cereris
549 2404 735 2462 avellendum
749 2393 1008 2480 asportandumque
1021 2421 1100 2462 cura·
1188 2401 1189 2477 1

180 2523 223 2584 50
233 2499 289 2558 vit.
330 2499 389 2571 Qui
402 2499 520 2557 tandem
533 2499 615 2556 istius
628 2500 741 2561 animus
754 2506 799 2559 est
820 2520 897 2562 nunc
917 2501 978 2563 :aiu
1003 2520 1099 2580 recog·

232 2597 347 2658 uitione
360 2597 501 2654 scelerum
515 2614 637 2666 suorum,
650 2615 716 2656 cum
730 2618 786 2674 ego
798 2601 861 2672 ipse
881 2601 912 2658 iu
931 2617 1102 2660 commemo
1187 2593 1188 2675 1

170 2691 173 2699 ’
233 2694 457 2756 ratioueaorum
471 2711 530 2754 nou
543 2699 637 2756 solum
660 2698 759 2758 animo
782 2715 977 2774 commovear,
1002 2715 1100 2758 verum

234 2794 326 2853 etiam
338 2811 457 2866 corpora
472 2793 707 2867 perhorrescam?
727 2795 823 2854 Venit
835 2797 915 2854 enim
936 2797 1010 2856 mihi
1031 2797 1101 2866 tani,

235 2891 304 2957 loci,
325 2891 473 2964 religionis
501 2891 579 2954 itlius
611 2893 642 2950 iu
673 2900 820 2953 mantem:
850 2899 1002 2952 versantur
1034 2902 1101 2952 ante

236 2986 335 3042 oculos
349 2987 462 3044 omnia:
482 2988 545 3044 dies
558 2989 618 3056 ille,
631 3009 687 3066 quo
705 3009 761 3066 ego
782 2993 898 3050 Ennam
920 3010 987 3050 cum
1008 2993 1102 3052 venis·
1185 2997 1186 3071 1

236 3099 308 3152 sam,
318 3087 432 3156 praesto
446 3083 518 3142 mihi
538 3087 702 3144 sacerdotes
717 3089 832 3148 Cereris
854 3107 921 3148 cum
945 3090 1045 3148 intutis
1069 3107 1102 3149 ae

236 3181 372 3242 verbenis
395 3180 526 3242 fuerunt=
546 3183 661 3254 concio,
683 3193 901 3263 conventusque
923 3188 1053 3248 civium:
1072 3189 1102 3248 iu
1184 3213 1185 3269 1

235 3297 294 3360 quo
307 3299 362 3356 ego
375 3297 442 3340 cum
453 3284 592 3357 loquerer,
606 3284 680 3343 tanti
698 3285 781 3344 fletus
794 3285 973 3363 gemitusque
987 3287 1104 3354 fiebant,

267 3429 293 3464 θ’
305 3431 332 3479 in
338 3435 484 3491 recognitione
500 3435 624 3497 scelerum]
648 3435 723 3484 Miror
738 3436 858 3486 Graevium
867 3439 978 3500 praeferre
987 3437 1107 3486 lectionesa
1183 3405 1184 3468 1

236 3487 432 3558 aliquot-codicum
445 3494 600 3561 recordatione,
617 3509 683 3556 quam
699 3501 723 3542 et
740 3495 783 3544 Ga.
802 3497 878 3544 habet
902 3497 973 3544 lamro
986 3497 1105 3556 recensitis

236 3553 272 3595 ast
285 3552 436 3609 aptissimam:
453 3556 487 3600 est
497 3565 555 3601 entus
564 3553 655 3600 verbum
663 3553 775 3612 judiciale.
791 3556 818 3602 et.
835 3555 900 3603 Verr.
913 3555 943 3613 11,
953 3557 975 3601 6.
987 3559 1030 3602 ete.
