2460 4200
194 299 213 356 ῃ
530 285 722 340 mvunnuu

191 452 252 499 non
266 437 297 497 in
310 435 394 496 utine
406 435 492 496 uninr
502 436 565 496 vite
585 436 749 512 perspicere
763 434 887 512 poenitio.
926 433 1014 513 ‘Ego
1025 437 1065 498 iu

191 539 249 597 into
268 555 318 596 reo
331 538 426 612 legem
440 538 526 605 hunc,
541 523 668 610 judicer,
681 535 754 594 milri
766 539 875 605 ctutum
897 534 1059 596 vivendum

191 636 234 696 ite
247 653 320 706 ecee,
333 640 365 694 ut
378 635 428 694 isti
451 653 511 694 non
534 636 620 694 modo
640 634 725 694 lectis
748 633 890 710 dictisque
913 633 1057 704 omnibus,

191 736 244 793 red
257 735 346 793 etiem
358 734 417 793 oric
430 737 632 809 oculommque
645 733 697 793 illo
708 732 893 792 contumacia
906 749 942 790 ec
961 750 1058 808 nuper·

192 833 250 902 bin,
263 850 348 910 quem
361 832 478 902 videtin,
492 831 701 890 dissimillimus
715 849 787 899 ecre,
798 847 833 888 ec
843 848 955 904 semper
969 830 1058 900 suisne

192 932 303 991 videar.
338 931 437 990 Potior
450 949 510 990 non
524 930 783 1006 moleste‚judicee,
794 947 859 988 enm
868 930 969 997 vitem,
983 946 1058 1006 quoe

191 1029 264 1088 milri
277 1045 330 1088 eun
348 1034 451 1103 sponte
465 1033 551 1086 antee
568 1028 805 1102 preaeminent,
818 1044 897 1086 nunc
913 1028 976 1101 jem
990 1043 1058 1086 mee
1107 1048 1108 1057 ¹

160 1129 257 1203 alege
270 1132 301 1186 et
313 1126 482 1186 conditione
501 1127 695 1184 necessariam
709 1143 821 1202 quoque
844 1127 976 1184 futurem.
1015 1125 1058 1186 ut

190 1229 223 1288 in
237 1230 293 1286 hoc
305 1227 423 1285 homine
437 1245 524 1300 saepe
537 1243 556 1284 e
575 1243 622 1284 me
645 1226 767 1302 quoeris,
792 1224 940 1294 Hortensi,
953 1224 1056 1300 quibus

190 1325 361 1395 inimicitiis,
384 1331 434 1384 eut
454 1342 510 1401 que
523 1325 628 1400 injurio
641 1327 789 1391 adductus,
802 1323 840 1380 ed
859 1323 1055 1384 accusandum

190 1426 399 1484 descenderim.
421 1424 575 1494 mittoJ'em
589 1423 730 1480 rationem
743 1421 832 1479 officii
852 1421 920 1490 mei,
930 1420 1056 1480 uecessi-

191 1523 353 1596 tudiniequc
369 1520 548 1578 Siculorum:
568 1522 606 1576 de
619 1519 689 1594 ipsis
700 1519 754 1577 tibi
764 1519 927 1578 inimicitiis
941 1537 1057 1594 respon-
1118 1571 1122 1578 .

190 1621 256 1678 deo.
308 1621 357 1679 An
380 1625 411 1676 tu
437 1620 559 1693 majores
578 1621 652 1676 ullae
679 1617 848 1676 inimicitiae
873 1623 955 1704 puter
982 1636 1056 1688 ecee,

191 1734 277 1792 quem
289 1717 447 1776 contraries
471 1718 620 1776 homiuum
632 1716 802 1786 contentius,
816 1734 852 1774 ec
878 1717 1056 1776 dissimilitu-

191 1817 274 1876 dines
287 1817 444 1876 studiorum
458 1821 489 1875 et
499 1815 702 1876 voluntatum?
724 1815 1056 1876 Fidemcuuotieeimonr

190 1915 224 1974 in
231 1915 294 1975 vite
304 1917 352 1990 qui
362 1920 451 1989 putet,
462 1921 557 1988 potest
564 1916 594 1972 ei
605 1933 663 1973 non
673 1915 809 1974 inimicus
817 1931 890 1983 ecee,
898 1915 948 1989 qui
956 1932 1055 1989 quece-

190 2018 235 2070 tor
248 2015 396 2070 consulem
410 2030 500 2079 suum,
514 2011 644 2071 consiliis
655 2004 826 2080 commissit,
833 2013 959 2087 pecunia
970 2012 1055 2070 tredi-
1071 2017 1074 2023 '

191 2116 230 2178 te,
238 2113 322 2168 rebus
330 2111 461 2168 omnibus
473 2109 600 2178 creditis,
609 2110 741 2184 epoliere,
747 2109 917 2186 relinquere,
925 2112 1055 2185 prodere,

190 2226 353 2284 oppugnare
363 2227 447 2266 aueue
455 2207 514 2267 eit?
538 2209 682 2266 Pudorem
691 2214 722 2267 et
733 2209 901 2283 pudicitiam
911 2211 961 2285 qui
973 2210 1054 2280 colit,

190 2313 285 2383 potest
298 2307 396 2364 animo
409 2324 500 2380 aequo
513 2307 596 2364 istius
610 2307 777 2382 quotidiana
790 2309 939 2379 adulteria,
963 2323 1054 2366 mere·

189 2407 303 2464 trinium
317 2405 508 2476 disciplinam,
522 2406 712 2463 domesticum
727 2407 903 2465 lenocinium
925 2407 1026 2466 videre
1040 2405 1053 2466 i

189 2503 266 2575 'Qui
279 2502 434 2576 religiones
448 2503 565 2559 deorum
578 2503 781 2560 immortalium
794 2503 919 2562 retinere
927 2507 999 2574 vult,
1013 2505 1052 2574 ei,

189 2601 238 2678 qui
261 2601 328 2658 fena
349 2600 480 2674 spoliarit
500 2601 607 2668 omnia,
630 2601 738 2674 quiex
761 2602 927 2672 theneerum
950 2603 1052 2668 orbitis

188 2700 319 2774 praedari
332 2701 370 2756 sit
383 2717 476 2768 nuens,
486 2699 621 2758 inimicus
636 2718 694 2757 non
708 2717 772 2756 esse
786 2699 835 2774 qui
848 2697 964 2772 potest?
993 2701 1052 2773 Qui

181 2799 248 2870 jure
262 2817 353 2872 aequo
366 2816 466 2855 onmes
479 2802 560 2870 putet
574 2817 637 2856 eece
650 2804 791 2872 oportere,
804 2799 830 2856 ie
850 2798 904 2856 tibi
924 2815 983 2856 uon
1006 2798 1051 2859 in·

187 2895 354 2952 lectissimus
375 2895 422 2960 sit,
436 2912 502 2950 cum
522 2897 632 2968 cogitet
651 2898 823 2954 varietatem
843 2897 1051 2972 libidinemque

187 2993 366 3050 decretorum
387 2989 519 3049 tuomm?
537 2993 586 3066 qui
599 2992 741 3050 eociomm
754 2994 876 3068 injuriis,
888 2995 1050 3068 provincie·

187 3108 304 3164 mmque
317 3090 507 3148 incommodis
527 3091 672 3158 doleatis
695 3092 726 3150 in
749 3098 778 3150 te
790 3111 849 3150 non
871 3094 1048 3168 expilatione

217 3245 295 3314 ψῃ
306 3243 386 3314 inille
401 3245 456 3313 ren]
486 3243 582 3291 Videtur
592 3231 734 3293 scribendum'
740 3246 812 3305 Ergo.
842 3247 1049 3295 Coniormaruutli-

187 3303 257 3350 brarir
266 3308 329 3350 rmtm
338 3303 423 3364 periodi
430 3303 590 3363 praecedentis.

216 3383 227 3414 ⁵
241 3382 289 3433 Qui
296 3381 360 3438 relig.
375 3407 385 3416 ·
398 3408 408 3416 -
417 3381 587 3443 retineremur]
619 3381 678 3429 Mox
690 3387 730 3438 cet,
739 3387 765 3430 ut
774 3388 833 3440 unte,
841 3384 878 3446 qui
885 3389 950 3441 pratel
962 3411 973 3420 ·
981 3398 1050 3434 uno!

186 3441 225 3502 qui
235 3441 287 3485 vetit
297 3467 303 3474 -
312 3465 323 3474 ·
332 3439 370 3498 qui
379 3467 389 3475 -
396 3467 407 3475 -
416 3441 493 3486 dolent.
505 3453 562 3498 quae
571 3455 615 3486 non
625 3441 678 3487 ratis
687 3443 832 3488 consentiunt.
863 3445 889 3490 ln
903 3443 971 3489 tertio
978 3457 1047 3492 mem·

184 3493 227 3545 bro
237 3499 312 3546 etiem
323 3498 374 3544 edd,
385 3503 471 3544 veteres
487 3498 570 3542 hebent
580 3501 636 3554 cult,
646 3501 684 3545 ced
694 3501 747 3546 uelit
762 3501 842 3548 eMss.
853 3501 916 3547 dedit
929 3501 1043 3551 (irutmor.

186 3557 240 3604 Non
249 3558 304 3604 haec
312 3556 391 3603 eodem
401 3557 471 3602 modo
481 3571 495 3600 a
504 3555 611 3604 Cicerone
620 3557 738 3604 enunciata
746 3573 794 3608 orte
801 3560 923 3620 putemur?
