2438 4206
217 318 260 382 ῃ
562 311 598 364 lli
611 267 754 365 munuli

216 461 352 540 pudicum
372 473 466 539 neque
483 460 609 522 sobrlum
630 459 803 522 convivium
829 457 961 520 viderit?
979 461 1030 538 qui
1054 462 1087 546 in

215 562 307 637 epulis
321 560 504 638 quotidianis,
517 562 615 620 adulta
633 563 738 629 aelata
751 577 804 634 per
826 559 985 624 triennium
1006 562 1083 621 inter

215 659 375 734 impudicas
388 659 522 718 mulieres
549 665 579 718 et
605 659 832 732 intemperantes
847 660 926 717 viros
951 665 1086 719 versatus

214 755 277 818 sit?
296 759 370 818 nihil
384 775 518 836 umquam
531 775 549 818 a
561 763 642 834 patre
656 756 787 826 audierit,
800 773 858 833 quo
867 757 1023 832 pudentior
1035 763 1086 818 aut

214 856 317 917 melior
338 855 437 918 assat?
468 857 541 916 nihil
561 873 695 932 umquam
719 861 832 932 patrem
855 874 941 933 agere
965 856 1082 929 viderit,

214 957 370 1030 quodcum
390 956 519 1014 imitatus
540 959 626 1024 esset,
647 971 716 1024 non,
737 955 769 1014 id
791 956 868 1030 quod
890 954 1084 1030 turpissimum

162 1055 203 1116 69
214 1059 268 1124 est,
289 1055 364 1129 patri
386 1053 490 1112 similis
518 1051 690 1127 putaretur?
721 1053 832 1126 Quibus
856 1053 889 1112 in
913 1055 997 1112 rebus
1022 1071 1082 1114 non

213 1157 306 1212 solum
320 1153 389 1222 tilio,
401 1169 504 1212 verum
521 1152 610 1210 etiam
630 1151 794 1227 republicae
818 1150 914 1210 iecisti
935 1151 1080 1228 injuriam.

214 1254 389 1326 susceperas
403 1250 482 1309 enim
504 1250 610 1310 liberos
635 1267 694 1310 non
718 1252 811 1308 solum
834 1249 898 1319 tibi,
916 1251 970 1310 sed
990 1251 1080 1312 etiem

212 1352 342 1427 patriae:
373 1349 424 1427 qui
453 1367 514 1408 uon
546 1349 632 1408 modo
656 1349 711 1408 tibi
744 1349 897 1422 voluptati,
920 1349 971 1407 sed
993 1349 1081 1408 etiam

212 1452 262 1528 qui
275 1450 430 1526 aliquando
439 1448 503 1506 usui
514 1446 689 1521 reipublicae
701 1464 764 1505 esse
786 1451 913 1521 possent.
953 1447 1014 1507 an
1035 1447 1080 1506 in·

100 1600 104 1608 ,
211 1549 330 1608 stituere
353 1552 439 1622 atque
463 1545 574 1602 erudire
597 1545 635 1602 ad
662 1547 800 1620 maj0rum
829 1543 980 1614 instituta,-
994 1550 1079 1622 atque

211 1644 341 1705 civitatis
355 1643 547 1718 disciplinam,
561 1659 621 1700 non
639 1641 707 1700 ⁰⁰ad
729 1647 792 1701 tuas
814 1641 1006 1718 turpitudines
1027 1644 1076 1702 de·

211 1745 309 1803 buisti.
348 1743 436 1803 Esset
458 1759 498 1800 ex
519 1740 615 1811 inerti,
636 1747 721 1819 atque
744 1742 865 1817 impuro,
890 1749 921 1800 et
945 1743 1078 1817 improbo

210 1848 330 1919 parente
353 1860 455 1911 navus,
477 1846 507 1898 et
528 1841 647 1915 pudens,
665 1846 696 1899 et
724 1843 828 1918 probus
849 1841 934 1900 tilius.
955 1841 1077 1901 haberet

208 1943 317 2019 aliquid
330 1944 382 2000 aba
396 1946 425 1998 te
439 1941 602 2014 respublica
614 1941 750 1998 muueris.
791 1941 821 1999 N
822 1958 880 2000 une
893 1957 946 2015 pro
957 1946 986 1999 te
1001 1940 1076 1999 Ver·

209 2058 271 2098 rem
281 2037 451 2097 substituisti
464 2040 587 2095 alterum
599 2038 724 2096 civitati.
745 2037 803 2098 nisi
816 2040 873 2098 hoe
887 2039 959 2098 lorte
969 2037 1075 2098 deteri·

208 2156 242 2196 or
255 2141 308 2204 est,
321 2137 347 2192 si
360 2135 423 2194 fieri
435 2139 540 2208 polest,
557 2138 632 2211 quod
652 2141 684 2194 tu
701 2137 842 2211 ejusmodi
863 2137 994 2206 evasisti,
1014 2155 1075 2197 uon

208 2236 240 2295 in
261 2234 387 2294 hominis
406 2234 555 2305 luxuriosi,
569 2236 619 2293 sed
640 2239 752 2294 tuntum
765 2237 796 2295 in
809 2236 878 2297 luris
888 2253 924 2295 sc
937 2235 1074 2296 divisoris

206 2333 363 2408 disciplina
375 2334 522 2392 educatus.
565 2334 642 2407 Quid
655 2335 712 2393 isto
724 2336 857 2394 desiimus
875 2337 935 2394 iore
955 2335 1074 2394 arbitra·

206 2449 278 2502 mur,
286 2433 335 2509 qui
348 2437 393 2491 est
407 2439 470 2490 tuus
483 2437 586 2490 natura
595 2434 679 2510 lilius,
688 2415 895 2494 consuetudine
906 2434 1074 2509 discipulus,

206 2527 493 2591 voluntatesimilis?
514 2530 609 2603 Quem
618 2549 682 2605 ego,
690 2532 815 2605 judices,
825 2533 1073 2609 quamvisbouum

206 2631 363 2705 fortemque
376 2629 462 2686 laeile
476 2632 589 2703 paterer
602 2631 735 2688 evadere·
756 2632 904 2692 nonenim
914 2649 961 2692 me
975 2632 1071 2690 inimi·

145 2765 147 2770 ,
205 2729 294 2788 ciliae
308 2733 504 2796 commovent,
525 2727 550 2786 si
564 2746 637 2804 quae
651 2728 722 2787 mihi
736 2745 803 2788 cum
817 2731 872 2788 isto
881 2730 994 2802 t'uturoe¹
1004 2731 1072 2789 sint.

205 2846 275 2887 nam
289 2828 315 2885 si
328 2827 360 2884 in
373 2827 504 2885 omnibus
519 2829 602 2884 rebus
614 2827 754 2886 innocens
765 2829 855 2897 luero,
866 2829 981 2905 meique
995 2827 1072 2888 simi·

205 2925 260 2996 lis;
280 2923 348 2999 quid
362 2925 433 2981 mihi
446 2924 529 2981 istius
543 2925 714 2983 inimicitiae
730 2925 898 2988 nocebunt?
917 2927 964 2986 sin
975 2928 1071 3004 aliqua

205 3023 238 3082 in
261 3039 292 3078 re
305 3020 394 3080 Verri
407 3019 510 3102 similis
527 3021 617 3089 suero,
636 3039 694 3080 uon
708 3025 799 3099 magis
821 3027 894 3086 mihi
915 3026 1009 3084 deerit
1030 3026 1073 3084 in·

205 3119 319 3187 imicus,
332 3135 417 3193 quam
427 3118 516 3176 Verri
528 3119 627 3176 deluit.
657 3120 783 3192 Etenim,
792 3125 916 3198 judices,
929 3122 1072 3198 ejusmodi

205 3216 367 3293 respublica
379 3217 468 3276 debet
488 3235 561 3288 esse,
581 3223 612 3276 et
635 3218 698 3288 erit,
719 3223 875 3282 severitate
893 3223 1073 3300 judiciorum

205 3375 335 3442 aqnqoqt,
346 3375 373 3441 el,
389 3371 430 3418 tuli
440 3371 626 3444 locoexeislemnt
634 3373 658 3422 in
666 3374 736 3445 libris,
746 3375 862 3424 restitrutae
876 3377 957 3426 deinde
971 3390 1000 3423 ex
1014 3375 1074 3436 aliis,

206 3433 233 3476 ut
241 3444 265 3474 rn
275 3443 326 3489 rpsrs
336 3430 371 3476 his
380 3429 443 3476 lrbrrs
453 3430 564 3478 Ciceronis
574 3436 597 3478 et
607 3447 620 3479 a
629 3433 691 3480 nobis
699 3435 787 3481 suctum.

234 3506 258 3574 ⁶⁰·
271 3507 301 3575 qd
310 3511 349 3553 tuo
358 3505 460 3575 flagitio,
470 3511 555 3572 neqaae]
586 3511 650 3558 Haec
667 3512 745 3559 lamb
763 3527 777 3559 e
793 3513 852 3561 Mas.
873 3513 977 3575 antiquis,
993 3519 1019 3562 ut
1030 3515 1071 3570 nil,

206 3565 299 3612 addidit.
332 3565 390 3617 Quia
406 3566 429 3611 iu
445 3567 507 3615 nullo
517 3570 545 3614 ab
555 3569 606 3615 aliis
616 3577 727 3630 repertum
741 3571 902 3630 est,Gruteu1s
916 3574 1013 3648 servavit
1023 3571 1075 3642 qui·

206 3623 269 3683 dsm3
285 3622 390 3672 sedurueis
397 3623 480 3671 includi
489 3627 568 3676 voluit
590 3629 718 3688 Operanou
727 3635 854 3692 paruenmt
875 3631 924 3682 Nos
934 3635 1068 3688 milhma!-
