2460 4200
208 308 256 372 η
547 301 741 361 nevidunum
830 316 833 332 ·
900 323 902 330 ,

207 469 312 528 cogere
325 449 434 510 invitos
447 451 557 510 lucrum
577 454 645 511 dere
663 452 756 520 nitori,
776 451 832 510 hoc
852 454 906 520 eet,
919 448 1081 525 pecuniam

209 548 303 610 dere?
326 553 400 626 Age,
414 552 480 626 qnid
495 549 580 610 tum?
598 552 625 608 si
641 550 780 625 Apronio,
793 549 907 607 deliciis
922 551 1076 621 praetoris,

103 689 111 698 ·
209 651 310 708 lucetii
324 650 433 724 eiiqnid
447 651 521 724 jussi
535 657 601 708 sunt
612 651 692 717 dure,
706 655 802 721 putate
818 647 949 720 Apronio
964 649 1077 712 datum,

197 747 459 820 'siAprouienum
483 751 620 806 lucellum
645 765 680 806 nc
707 761 773 805 non'
798 745 937 820 praetoris
966 745 1073 818 preedn

207 846 293 904 vobis
317 848 470 904 videbitur.
526 849 662 920 imperes,
684 850 716 902 ut
740 847 876 902 decumas
903 841 1079 914 accipient=

209 945 341 1018 Apronio
352 946 422 1003 dent
431 948 549 1011 tucrum,
559 944 649 1002 tritici
663 941 838 1000 medimninu
852 957 965 998 xxxrrr.
996 938 1076 1009 Quid

207 1049 252 1100 est
267 1045 321 1100 hoc
337 1040 349 1100 t
368 1061 425 1099 nne
439 1043 546 1100 civitas
560 1061 599 1100 ex
613 1059 670 1099 uno
684 1059 752 1115 egro
774 1040 795 1072 ⁵⁰
806 1039 900 1113 plebei
925 1039 1075 1102 Romanae

207 1157 296 1216 prope
327 1149 473 1203 menstrua
506 1140 615 1198 cibaris
649 1141 787 1213 praetoris
817 1137 937 1210 imperio
969 1137 1079 1192 doncro

209 1239 343 1310 Apronio
360 1239 480 1312 cogitur.
500 1245 530 1296 tu
557 1255 662 1312 magno
675 1240 811 1295 decumus
826 1233 992 1300 vendidisti,
1003 1247 1076 1294 cum

209 1341 321 1395 tentum
358 1338 429 1394 tucri
457 1339 618 1394 decumum
650 1337 688 1393 sit
722 1332 846 1393 dutum?
879 1333 1021 1396 Proiecto,
1050 1327 1077 1386 si

212 1437 335 1510 pretium
360 1435 534 1508 exquisisses
557 1435 720 1506 diiigenter,
745 1440 804 1488 turn
838 1448 904 1488 cum
920 1432 1077 1496 vendebas,

212 1549 234 1590 x
248 1534 393 1588 medimna
413 1532 506 1602 potins
526 1530 712 1596 addidissent,
727 1547 810 1603 quem
826 1529 888 1584 H·S
905 1545 952 1585 roc
965 1533 1077 1601 postes.

121 1633 127 1646 '
208 1628 321 1701 magna
335 1630 439 1700 praede
454 1627 585 1683 videtur:
608 1627 705 1683 audite
727 1627 845 1700 relique,
867 1633 896 1682 et
915 1627 1077 1700 diiigenter

208 1727 360 1800 attendite,
374 1743 430 1800 quo
454 1724 549 1782 minus
571 1725 725 1792 miremini,
748 1724 871 1791 Siculos,
892 1743 922 1781 re
945 1741 1079 1781 necessu·

161 1859 164 1864 ·
208 1824 253 1886 ria
277 1830 403 1890 coactos,
434 1823 573 1880 auxilium
601 1840 617 1878 e
647 1823 782 1895 patronis,
810 1841 829 1900 p
855 1821 1034 1895 consulibus,
1056 1837 1075 1880 s

209 1928 321 1988 senatu,
336 1939 352 1978 a
369 1921 489 1993 iegibus,
510 1938 527 1976 e
545 1920 665 1991 judiciis
690 1901 838 1992 petivisse.
880 1921 922 1978 Ut
943 1921 1076 1994 probaret

210 2019 358 2092 Apronius
390 2017 411 2048 ⁰⁰
425 2019 480 2074 hoc
514 2017 653 2082 triticum,
685 2019 806 2090 imperat
843 2018 1079 2092 Agyrinensibus

162 2182 165 2189 Ι
210 2117 328 2182 Verres,
357 2120 389 2171 ut
419 2114 450 2171 in
483 2114 629 2172 medimna
661 2103 775 2187 singule
806 2116 910 2174 dentur
945 2110 1080 2189 Apronio

158 2212 195 2273 31
213 2215 276 2272 H·S
305 2229 351 2268 ιιι.
408 2211 487 2282 Quid
510 2217 554 2268 est
576 2209 658 2269 hoe?
687 2219 768 2270 tanto
788 2231 907 2271 numero
933 2213 1082 2282 frumenti,

209 2312 283 2372 lucri
297 2310 424 2376 nomine,
437 2309 579 2383 imperato
591 2316 621 2367 et
641 2327 787 2382 expresso,
800 2312 909 2368 nummi
929 2321 1079 2384 praetereo

209 2409 372 2482 erigentur,
395 2413 426 2463 nt
447 2409 583 2480 probetur
603 2406 796 2466 frumentum?
819 2427 856 2466 au
883 2416 994 2482 poterat
1017 2427 1077 2467 non

210 2509 298 2566 modo
315 2505 469 2578 Apronius,
486 2505 538 2561 sed
557 2505 661 2579 quivis,
682 2507 824 2563 exercitui
848 2507 874 2563 si
897 2509 1079 2565 metiundum

189 2599 298 2673 esset,
322 2605 482 2676 improbare
509 2603 640 2660 Siculum
662 2601 845 2672 trumentum,
867 2608 942 2680 quod
965 2607 1013 2662 isti
1037 2623 1077 2664 ex

211 2721 288 2772 ures,
301 2703 326 2761 si
341 2706 440 2771 veltet,
451 2699 582 2772 admetiri
598 2700 724 2760 licebat?
756 2704 907 2760 Frumenti
920 2709 1015 2762 tentus
1026 2721 1078 2762 nn·

211 2813 307 2860 merus
328 2802 449 2874 imperio
469 2807 519 2858 tuo
541 2803 633 2868 detur,
656 2807 686 2857 et
705 2799 829 2875 cogitur.
849 2821 906 2859 non
928 2809 972 2860 est
995 2804 1076 2860 satis.

211 2898 323 2956 nummi
335 2907 482 2969 praeterea
496 2899 680 2968 imperentur.
694 2901 806 2956 duntur.
821 2917 920 2970 perum
933 2907 986 2956 est.
1018 2893 1079 2958 Pro

190 2999 194 3004 “
211 2995 341 3052 decumis
355 2993 454 3052 hordei
473 2994 529 3050 nite
549 2993 672 3064 pecunia
694 2994 814 3066 cogitur.
827 2995 918 3066 jubes¹
928 2998 991 3052 H·S
1006 3015 1080 3058 xxx

241 3147 263 3182 ⁵⁰
275 3146 345 3205 plebei
364 3145 442 3215 Anne]
469 3143 506 3190 Sic
521 3143 543 3190 in
557 3143 605 3214 iris.
618 3149 736 3204 repertum,
752 3147 932 3205 (dimplebis)
949 3151 1082 3212 recepitque

211 3206 387 3269 postuounullos
404 3205 462 3250 elios
480 3202 595 3249 Graevius.
616 3208 682 3249 recte.
714 3205 802 3266 Nempe
813 3208 884 3263 plebei
902 3215 936 3254 est
951 3210 1075 3268 genitivus:

211 3269 262 3311 sunt
281 3269 390 3310 menstrua
399 3261 481 3308 ciunt-ia
490 3263 559 3322 plebis
570 3263 599 3308 R.
630 3261 735 3310 Ceterum
753 3264 814 3312 locus
830 3267 866 3312 hic
884 3276 917 3313 est
932 3267 1035 3313 notabitis
1045 3267 1077 3316 ed

211 3322 377 3380 intelligendum
386 3337 490 3368 summere
501 3322 604 3368 frumenti
615 3321 675 3382 plebi
690 3323 754 3369 divisi
769 3325 854 3385 exlege
864 3327 1011 3388 Sempronis3
1025 3340 1079 3374 eam

209 3381 276 3431 fiisse
286 3381 308 3426 in
317 3397 385 3428 anuos
395 3380 490 3438 singulos
500 3381 530 3426 ed
538 3383 631 3430 200000.
649 3383 778 3430 modiorum.

191 3486 195 3490 -
240 3458 262 3490 ⁶⁰
275 3459 312 3503 doc
327 3459 444 3518 triticum]
474 3458 605 3506 Grneriuse
616 3460 661 3506 Ms.
679 3461 761 3508 Nunnii
778 3468 829 3523 post
843 3464 894 3511 Car.
906 3466 981 3526 Stepir.
1003 3463 1078 3520 adds

210 3517 267 3577 prend
276 3518 295 3561 σι’
305 3517 406 3572 dedatur,
436 3519 469 3562 At
487 3533 514 3562 ea
531 3530 565 3564 est
574 3534 635 3564 meru
645 3519 722 3577 glossa,
732 3536 788 3582 quae
797 3523 893 3569 debebat
903 3539 998 3580 mopere,
1007 3538 1034 3569 ne
1044 3523 1076 3570 ad

210 3575 307 3620 triticum
318 3577 461 3620 decommum
472 3575 526 3621 haec
545 3577 649 3636 probatio
658 3580 784 3630 referretur.
824 3582 869 3630 Sed
878 3597 912 3630 res
921 3597 962 3645 per
970 3598 994 3632 se
1002 3586 1076 3644 pateis

212 3629 290 3692 loque
298 3648 343 3684 uon
352 3649 400 3683 sum
409 3634 532 3684 timerium
538 3634 645 3687 imitatus.
